4344 5746
179 353 199 417 6
575 347 704 418 Persius,
721 345 877 417 Martialis,
896 344 1046 406 Iuvenalis
1063 346 1227 421 quomodo
1245 345 1281 405 de
1299 345 1420 405 Graecis
1436 343 1576 406 iudicant

182 567 465 632 veluti·Athonem
490 567 630 629 montem
655 584 674 629 a
696 563 808 631 Xerxe
831 564 1011 649 perfossum
1045 584 1126 647 esse,
1159 583 1278 629 novum
1314 566 1408 630 terris
1442 581 1532 629 mare
1565 565 1749 631 immissum
1783 565 1988 653 flumineque

182 677 201 720 a
223 655 327 722 Medis
350 650 484 740 epotc;¹)
506 654 593 718 idem
616 654 651 718 in
674 654 747 720 aliis
769 653 867 719 rebus
890 674 909 719 a
931 653 1139 738 scriptoribus
1161 653 1288 719 traditis
1311 653 1446 737 dubitat,
1468 672 1548 719 num
1571 653 1706 719 Graecia
1727 672 1805 719 vera
1828 655 1909 742 sit2)

342 743 434 820 Quod
457 744 486 806 si
508 743 588 806 adeo
610 749 815 808 occaecatum
839 742 986 809 ridemus
1008 741 1172 808 Iuvenalis
1195 745 1343 808 animum
1364 745 1413 808 ira
1436 763 1473 808 ac
1495 743 1613 825 lurore,
1635 748 1673 809 ut
1693 761 1776 827 quae
1789 744 1987 830 incorruptis

183 838 477 918 rerumgestarum
500 834 719 898 monumentis
742 832 929 897 confirmata
956 837 1041 914 suut,
1075 834 1109 896 in
1144 831 1378 898 dubitationem
1410 837 1511 916 vocet,
1544 834 1577 896 in
1612 833 1686 898 aliis
1720 851 1851 917 quoqne
1884 834 1989 900 rebus

181 923 313 988 modurn
350 941 425 988 eum
458 922 637 986 excessisse
659 940 726 986 non
759 921 956 987 mirabimur.
1004 920 1158 997 Quamvis
1191 923 1361 987 exanimi
1394 922 1553 988 sententia
1587 924 1777 1006 sinceraque
1810 922 1873 988 tide
1910 941 1987 989 eum

182 1031 289 1077 mores
312 1013 423 1077 aetatis
459 1027 539 1074 suae
567 1010 766 1094 vituperasse
801 1011 1023 1093 concedamus,
1057 1016 1164 1076 umen
1200 1029 1275 1075 vere
1308 1029 1383 1076 eum
1416 1012 1577 1077 iudicasse
1600 1009 1802 1096 negabimus.
1848 1011 1988 1097 Ingenio

183 1119 334 1186 praeceps
357 1101 481 1166 eratin
504 1101 592 1179 iram,
625 1100 866 1181 immoderatus,
901 1098 1032 1182 effusus,
1066 1101 1117 1165 sui
1142 1102 1310 1184 impotens.
1356 1100 1430 1183 Ipse
1453 1097 1575 1186 dieit:³)
1603 1101 1682 1184 quid
1704 1099 1839 1165 referam
1863 1108 1989 1185 quanta

183 1192 306 1256 siccum
328 1190 422 1254 iecur
444 1186 553 1252 ardeat
574 1188 645 1253 ira?
690 1189 805 1273 Itaque
838 1190 873 1253 in
907 1191 995 1254 omni
1033 1190 1177 1272 crimine,
1211 1188 1298 1272 quod
1332 1189 1433 1254 oculis
1468 1207 1537 1254 sese
1575 1189 1675 1273 offert,
1713 1189 1856 1272 „coelum
1892 1193 1989 1256 terris

183 1281 297 1345 miscet
319 1283 351 1344 et
371 1295 460 1342 mare
483 1274 632 1361 coelo“;⁴)
666 1296 733 1342 non
755 1281 860 1363 potest
880 1279 1054 1363 reprimere
1075 1280 1166 1360 uam,
1202 1296 1267 1342 non
1290 1282 1463 1363 exspectat,
1498 1278 1577 1342 dum
1601 1278 1732 1343 domum
1754 1278 1896 1359 redierit,
1928 1281 1987 1344 sed

183 1371 218 1432 iu
241 1367 346 1434 medio
368 1365 538 1452 quadrivio
560 1384 651 1432 ceras
667 1385 800 1452 capaces
814 1366 964 1433 versibus
985 1364 1135 1452 impletfi)
1180 1364 1365 1452 Indignatio
1389 1368 1458 1433 eius
1481 1385 1585 1451 neque
1609 1367 1740 1433 modum
1756 1373 1864 1432 servat
1877 1388 1988 1453 neque

185 1458 358 1523 discrimen
391 1458 479 1520 inter
512 1455 633 1520 scelera
665 1457 766 1522 novit
824 1455 919 1534 Quod
952 1455 1108 1522 Horatius
1141 1456 1300 1538 admouet,
1333 1456 1417 1521 adsit
1448 1457 1571 1541 regula,
1605 1473 1688 1540 qnae
1722 1474 1842 1542 aequas
1863 1477 1989 1541 poenas

184 1546 324 1632 peccatis
346 1546 475 1628 irroget,
497 1560 540 1609 ne
562 1546 684 1609 scutica
706 1544 842 1629 dignum
864 1544 1012 1610 horribili
1033 1550 1154 1610 sectare
1174 1542 1338 1629 flagellati)
1361 1544 1470 1609 locum
1485 1563 1552 1609 non
1567 1544 1664 1610 habet
1679 1545 1764 1630 apud
1780 1545 1990 1627 Iuvenalem3

185 1638 214 1701 is
237 1633 359 1718 ubique
381 1633 508 1718 flagello
530 1633 641 1716 utitur,
676 1652 741 1718 quo
765 1635 859 1718 quasi
880 1638 1067 1699 occaecatus
1100 1635 1135 1697 in
1159 1652 1270 1698 omnes
1292 1639 1400 1717 partes
1422 1632 1577 1698 verberat.
1623 1631 1715 1710 Quae
1738 1635 1839 1699 animi
1861 1641 1893 1700 et
1915 1655 1989 1700 ver·

186 1724 301 1789 borum
323 1722 547 1788 immoderatio
568 1722 602 1785 in
626 1723 668 1787 iis
692 1740 829 1807 quoque,
864 1740 948 1806 quae
983 1722 1022 1788 de
1056 1720 1186 1788 Graecis
1219 1722 1351 1800 iudicat,
1386 1726 1517 1807 apparet
1539 1727 1634 1805 atque
1663 1728 1774 1788 cirsai.
1819 1722 1887 1788 Nos
1912 1743 1989 1789 vero

188 1814 363 1878 maximam
385 1815 509 1895 partem
529 1828 596 1875 non
617 1809 795 1876 facinorum
818 1816 877 1876 aut
897 1811 1050 1876 vitiorum
1073 1811 1212 1877 Graecos
1234 1829 1311 1876 eum
1332 1812 1480 1876 incusare
1503 1810 1656 1894 dicemus,
1677 1812 1735 1877 sad
1749 1813 1871 1895 ingenii
1886 1813 1988 1878 facul·

188 1900 318 1979 tatibus,
351 1899 513 1982 docilitati,
535 1897 695 1966 sollertiae
716 1899 872 1984 invidere,
893 1901 1081 1985 praesertim
1103 1919 1187 1984 eum,
1221 1898 1380 1984 quidquid
1413 1903 1518 1984 agant,
1550 1899 1676 1965 felicem
1710 1902 1833 1965 exitum
1868 1902 1990 1966 habere

187 1993 258 2076 ipse
281 1992 449 2074 queratur:
483 1988 603 2053 frustm
622 1987 684 2054 sibi
706 1989 817 2054 eadem
839 1988 944 2055 facere
974 1990 1081 2071 licere,
1114 2007 1150 2055 se
1182 2007 1250 2052 non
1283 2006 1354 2053 esse
1386 2005 1495 2072 parem
1530 1986 1670 2072 Graece,
1701 1990 1741 2054 iis
1773 1988 1902 2073 credi.⁷)
1948 1990 1990 2054 lit

87 2094 90 2098 ’
189 2080 309 2145 oblitus
344 2082 393 2144 est
425 2095 675 2143 commemorare
708 2078 880 2163 castigator
911 2078 1031 2144 saeculi
1062 2079 1122 2161 sui,
1153 2096 1238 2166 quae
1268 2078 1406 2142 virtutes
1439 2097 1459 2142 a
1487 2077 1663 2142 maioribus
1698 2080 1791 2162 quasi
1812 2078 1990 2144 hereditate

190 2169 319 2234 relictae
343 2165 483 2233 Graecos
514 2168 610 2232 stiam
633 2171 703 2232 tum
726 2169 922 2250 ornaverint,
942 2168 1140 2233 inventionis
1163 2172 1260 2252 atque
1276 2167 1525 2250 excogitationis
1540 2165 1727 2249 ubertatem,
1751 2167 1876 2232 cultum
1892 2173 1991 2253 atque

189 2258 432 2340 humanitatem,
453 2256 667 2321 eruditionem
689 2275 728 2322 ac
750 2256 937 2336 doctrinam,
970 2258 1111 2341 leporem
1146 2260 1177 2321 et
1210 2255 1434 2321 urbanitatem.
1481 2253 1569 2331 Quae
1603 2256 1733 2340 quidem
1764 2257 1901 2322 drtutes
1924 2275 1992 2321 non

188 2345 440 2412 inveniebantur
461 2346 497 2409 in
518 2344 606 2410 faece
628 2345 685 2410 illa
707 2343 937 2428 Graecorum,⁸)
971 2347 1027 2430 qui
1060 2363 1101 2410 er
1136 2344 1274 2411 urbibus
1307 2350 1404 2429 atque
1426 2343 1542 2410 insulis
1565 2344 1718 2410 Graeciae
1741 2347 1995 2429 emigraverunt,

190 2440 228 2500 ut
249 2435 370 2500 Romae
392 2433 515 2499 domini
535 2431 691 2520 fierentl)
737 2433 829 2502 Certe
863 2434 1094 2519 perditissimos
1127 2439 1159 2500 et
1191 2434 1457 2521 flagitiosissimos
1493 2435 1528 2497 in
1560 2452 1601 2498 ea
1627 2435 1755 2498 sentina
1777 2433 1867 2498 urbis
1889 2434 1994 2500 fnisse

190 2525 337 2589 homines
359 2524 574 2588 assentiemur
624 2522 743 2588 Tamen
780 2523 868 2609 qnod
902 2523 1011 2589 odium
1045 2523 1239 2589 Graecorum
1272 2523 1515 2589 acerbissimum
1548 2522 1714 2587 Iuvenalis
1745 2540 1822 2607 prae
1852 2541 1888 2588 se
1923 2523 1996 2606 fert,

190 2614 277 2679 idem
305 2612 392 2696 apud
415 2631 527 2677 omnes
548 2610 615 2677 iere
637 2614 807 2697 scriptores
828 2612 990 2678 Romanos
1012 2613 1186 2695 invenitur,
1219 2631 1295 2677 cum
1329 2612 1514 2677 discrimina
1543 2612 1629 2677 inter
1651 2611 1848 2676 Graecorum
1883 2613 1996 2677 condi·

191 2704 296 2767 tiones
319 2720 385 2766 non
408 2705 572 2766 servantes
595 2702 742 2766 omnium
775 2720 882 2767 mores
913 2701 955 2767 ad
983 2701 1112 2767 infimos
1144 2700 1292 2768 referant
1337 2701 1415 2766 Huc
1453 2699 1634 2779 accedebat,
1668 2701 1755 2785 quod
1790 2702 1885 2765 homo
1919 2720 1995 2767 rere

194 2789 362 2856 Romanus
385 2791 572 2874 peregrinos
595 2790 745 2876 despexit
777 2795 809 2856 et
842 2791 1044 2876 contempsit,
1077 2809 1152 2856 oum
1183 2796 1337 2875 quaestus
1363 2789 1502 2856 faciendi
1536 2807 1634 2856 causa
1666 2786 1802 2855 Romam
1836 2791 1996 2873 venirent,

193 2899 291 2965 quem
314 2881 383 2943 viro
406 2880 548 2964 ingenuo
569 2879 741 2965 iudignum
763 2879 905 2964 putabat.

353 2967 530 3034 Videamus
552 2970 627 3051 iam,
651 2989 732 3053 quas
751 2971 835 3035 vitae
851 2969 1047 3036 conditiones
1062 2967 1228 3034 Iuvenalis
1245 2967 1375 3034 Graecis
1390 2967 1648 3054 immigrantibus
1664 2968 1830 3034 attribuat.
1876 2967 1996 3045 Quam·

194 3059 243 3123 vis
265 3056 438 3137 hominem,
460 3059 578 3142 iuquit,
601 3056 744 3124 Graecus
766 3059 808 3124 ad
831 3077 890 3124 nos
912 3059 1030 3124 attulit:

616 3149 844 3232 grammaticus
874 3147 991 3232 rhetor,
1016 3151 1203 3232 geometres,
1232 3147 1343 3231 pictor,
1374 3147 1497 3231 aliptes,

617 3257 730 3323 augur,
753 3235 992 3320 schoenobates,
1014 3235 1168 3319 medicus,
1190 3233 1355 3322 magus.¹⁰)

195 3321 322 3400 Quibus
345 3322 583 3390 conditionibus
614 3327 643 3391 si
677 3327 923 3393 adiunxerimus
954 3325 1191 3410 comoedorum,
1219 3324 1390 3404 ardicam,
1423 3324 1690 3410 paedagogorum,
1721 3323 1823 3390 servis
1851 3327 1997 3410 exceptis

195 3414 304 3478 omnia
335 3412 401 3478 fere
434 3431 554 3497 genera
587 3414 793 3499 Graecorum,
827 3418 885 3501 qui
918 3414 1039 3481 Romae
1073 3420 1171 3498 erant,
1202 3414 1404 3483 habebimus.
1453 3414 1502 3479 De
1524 3414 1574 3479 his
1597 3413 1734 3498 singulis
1757 3412 1997 3479 conditionibus

196 3503 357 3586 copiosius
388 3501 561 3568 dicendum
595 3508 643 3568 est
665 3508 697 3570 et
718 3505 972 3590 proponendum,
997 3504 1075 3590 quid
1096 3504 1267 3589 scriptores
1289 3505 1391 3568 nostri
1413 3503 1453 3568 de
1474 3504 1515 3569 iis
1536 3503 1760 3568 iudicaverint

355 3590 475 3656 Mirum
498 3590 626 3657 videtur
649 3611 727 3677 esse,
761 3593 848 3678 quod
881 3591 1027 3676 Romani,
1061 3611 1258 3678 quamquam
1292 3593 1414 3658 severis
1446 3591 1571 3677 legibus
1604 3609 1732 3656 morum
1754 3593 1997 3676 perversitatem

196 3698 343 3745 coercere
365 3679 547 3765 studebant,
568 3681 603 3745 in
626 3681 800 3747 educandis
821 3683 932 3767 pueris
953 3683 1077 3748 nussam
1100 3685 1219 3747 certam
1254 3684 1311 3747 aut
1344 3680 1472 3766 legibus
1494 3682 1685 3747 destinatam
1709 3687 1765 3746 aut
1785 3680 1918 3764 publice
1939 3698 1998 3746 ex·

197 3770 334 3854 positam
358 3774 537 3834 autunum
561 3771 705 3836 omnium
729 3771 930 3856 disciplinam
953 3790 1023 3838 esse
1048 3773 1227 3839 voluerunt.
1273 3769 1312 3835 ld
1335 3774 1493 3854 quantum
1517 3769 1622 3837 differt
1637 3789 1656 3835 a
1672 3771 1861 3835 recentioris
1885 3772 1999 3835 aetatis

197 3858 441 3941 consuetudine,
474 3877 539 3941 qua
560 3859 721 3944 proverbii
743 3860 852 3926 locum
875 3860 998 3926 obtinet
1019 3859 1113 3928 illud:
1139 3863 1195 3945 qui
1218 3859 1360 3925 scholam
1382 3856 1486 3942 habet,
1511 3857 1608 3922 habet
1630 3858 1861 3942 posteritatem!
1909 3857 1999 3935 Quae

200 3947 403 4032 neglegentia
425 3951 572 4012 veterum
595 3966 633 4013 eo
655 3951 765 4015 minus
787 3949 931 4035 intellegi
952 3955 1065 4035 potest,
1101 3949 1188 4035 quod
1221 3966 1316 4014 nemo
1339 3946 1469 4032 negabit
1491 3949 1588 4013 totius
1612 3949 1814 4032 antiquitatis
1837 3966 1998 4012 summam

198 4038 232 4103 in
256 4036 420 4122 republica
443 4036 664 4102 conservanda
686 4039 842 4104 rationem
876 4058 946 4104 eam
974 4040 1086 4125 inisse,
1115 4045 1153 4104 ut
1184 4056 1237 4104 ree
1267 4037 1408 4123 privatas
1439 4039 1583 4101 omnium
1611 4037 1715 4103 salute
1736 4035 1906 4101 inferiores
1928 4054 2000 4101 esse

199 4130 365 4209 oporteret.
411 4124 531 4191 Tamen
564 4128 686 4211 patriae
717 4129 865 4213 potestati
895 4147 990 4194 omne
1022 4130 1075 4194 ius
1106 4127 1281 4195 liberorum
1315 4126 1558 4193 educandorum
1587 4127 1782 4209 permissum
1811 4129 1890 4190 erat.
1948 4125 2000 4189 Ad

199 4215 386 4280 institutum
409 4233 518 4280 mcum
541 4214 622 4281 illud
644 4236 710 4281 non
734 4219 881 4303 pertinet,
904 4223 949 4301 ut,
974 4219 1029 4302 qui
1051 4217 1148 4284 fuerit
1170 4218 1285 4283 modus
1308 4216 1508 4282 educationis
1530 4215 1616 4300 apud
1638 4214 1809 4298 Romanos,
1832 4214 2001 4298 explicem,

199 4302 256 4369 sed
280 4309 399 4388 quanto
422 4309 584 4369 momento
608 4305 721 4371 Graeci
743 4310 777 4372 in
801 4326 839 4374 ea
861 4307 1030 4392 disciplina
1050 4306 1178 4389 fuerim,
1200 4310 1405 4391 proponatur.

360 4390 454 4470 Quod
475 4393 640 4459 Iuvenalis
662 4393 797 4460 Romam
820 4395 935 4462 urbem
958 4395 1112 4460 Graecam
1135 4394 1265 4480 dicitu)
1298 4395 1333 4456 in
1357 4413 1422 4477 qua
1442 4393 1556 4478 lingua
1579 4392 1702 4458 Graeca
1723 4395 1845 4476 regnet,
1879 4393 1914 4456 id
1937 4393 2001 4457 iam

203 4483 244 4547 ad
267 4482 405 4548 infantes
429 4481 563 4566 valebat,
587 4484 643 4568 qui
665 4484 746 4549 lacte
770 4485 911 4567 quodam
930 4484 1024 4550 modo
1048 4484 1169 4550 Graeco
1191 4481 1427 4565 nutriebantur,
1461 4499 1537 4547 cum
1568 4483 1634 4546 iam
1668 4479 1793 4545 dudum
1824 4500 1896 4546 mos
1920 4487 2004 4546 esset

202 4575 313 4635 natum
337 4571 493 4636 infantem
516 4572 652 4638 ancillae
676 4573 816 4639 Graecae
839 4572 985 4658 delegare
1006 4576 1227 4641 nutriendum.
1271 4572 1322 4638 Ita
1355 4572 1522 4636 vinculum
1553 4570 1637 4638 illud
1670 4570 1907 4655 coagulumque
1937 4571 2003 4636 ani-

202 4661 246 4723 mi
263 4663 362 4744 atque
377 4661 504 4745 amoris,
527 4681 592 4746 quo
607 4667 758 4747 parentes
774 4682 850 4728 cum
865 4663 942 4729 filiis
957 4669 1072 4730 natura
1095 4665 1265 4746 consociat,
1288 4682 1308 4727 a
1329 4663 1434 4748 prima
1456 4659 1592 4726 infantia
1609 4661 1832 4726 interscissam
1855 4664 1927 4724 erat
1949 4665 2004 4725 aut

246 4881 247 4885 Ν
362 4872 390 4940 1)
407 4872 446 4939 x,
465 4873 526 4933 1r4.
565 4872 770 4946 a)x1v‚240.
813 4873 841 4947 3)
859 4872 882 4944 1,
894 4875 938 4934 re.
985 4875 1014 4948 4)
1031 4875 1070 4944 11,
1082 4875 1125 4934 ee.
1173 4873 1201 4944 o)
1220 4872 1243 4944 1,
1262 4873 1305 4929 ee.
1342 4871 1370 4943 a)
1388 4875 1443 4928 sat.
1461 4871 1485 4941 1,
1497 4871 1523 4929 a.
1537 4870 1597 4928 ne.
1638 4869 1664 4942 r)
1683 4868 1737 4938 111.
1751 4870 1812 4931 rso.
1847 4869 1876 4944 e)
1895 4869 1952 4939 111,
1963 4871 2005 4928 eo.

204 4942 230 5014 a)
249 4941 304 5011 111,
324 4943 365 5004 ra.
414 4943 458 5018 ιο)
477 4943 532 5015 111,
552 4945 594 5002 rr.
647 4947 691 5018 11)
709 4945 765 5016 111,
777 4945 820 5008 eo.

1032 5157 1172 5218 ...u-
