4344 5746
185 339 226 403 12
598 337 726 408 Persius,
744 338 900 404 Martialis,
919 339 1067 397 Iuvenalis
1084 357 1143 413 quo
1160 338 1247 398 modo
1266 340 1303 397 de
1319 340 1441 398 Graecis
1461 341 1603 400 iudicent.

184 559 241 620 aut
264 555 447 619 dicerentur
469 571 549 620 esse.
596 553 698 630 Quam
722 556 903 622 aviditatem
928 576 1060 642 operum
1095 559 1263 622 vetustatis
1297 559 1466 624 sanctitate
1500 559 1796 624 commendatorum
1827 558 1986 626 Martialis

184 645 358 729 vituperat:
380 641 462 707 nihil
484 661 556 710 esse
578 644 723 710 odiosius
746 646 927 731 archetypis
950 647 1051 711 vetuli
1074 647 1180 728 Aucti,
1212 666 1287 710 cum
1315 653 1485 713 stemmata
1507 648 1634 713 fumosa
1655 651 1780 733 argenti
1803 650 1854 714 sui
1878 657 1989 716 narret

184 738 215 797 et
236 735 271 796 in
295 733 518 816 antiquissima
540 739 682 817 tempora
705 735 848 817 reducat3
872 737 987 820 poeula
1010 755 1068 800 sua
1090 737 1154 800 iam
1177 737 1211 800 in
1235 756 1346 802 mensa
1368 735 1595 802 Laomedontis
1616 738 1717 805 fnisse
1732 736 1986 823 Apollinemque

183 823 254 904 lyra
276 841 386 887 muros
408 821 520 886 Troiae
542 825 753 906 exstruxisse,
792 832 830 889 ut
851 844 889 890 ea
911 827 1080 909 acciperet3
1119 830 1239 890 cratere
1273 846 1332 891 suo
1366 824 1523 892 Rhoetum
1558 828 1696 892 ferocem
1730 848 1806 893 eum
1839 827 1985 911 Lapithis

183 913 304 995 proelia
327 912 524 976 commisisse
547 930 696 999 opusque
710 933 820 998 pugna
835 914 960 980 laesum
976 934 1059 996 esse,·
1082 908 1330 1002 ἀμφικύπελλον
1350 916 1438 980 idem
1453 936 1523 981 esse
1538 916 1693 999 Nestoris,
1717 918 1803 1002 quod
1818 916 1984 983 Homerus

181 1003 217 1064 in
240 1001 341 1065 Iliade
366 1000 533 1081 describat,
557 1002 787 1087 columbosque
809 1004 890 1069 duas
912 1006 982 1069 eius
1003 1004 1119 1090 pollice
1141 1005 1230 1085 trita,⁸
1264 1006 1424 1090 scyphum
1458 1026 1532 1071 eum
1556 1025 1635 1088 esse,
1668 1009 1703 1070 in
1738 1026 1803 1092 quo
1837 1007 1986 1072 Achilles

182 1090 346 1171 Phoenici,
381 1091 482 1172 Aiaci,
516 1089 608 1154 Ulixi
641 1093 762 1177 largius
796 1094 1002 1178 vividiusque
1029 1112 1154 1158 merum
1190 1095 1317 1159 misceri
1339 1096 1483 1175 iusserit,
1508 1097 1542 1160 in
1565 1101 1673 1179 patera
1696 1095 1856 1160 Didonem
1882 1096 1986 1162 Bitiae

182 1183 377 1266 propinasse,
400 1199 475 1245 cum
497 1181 532 1244 iu
556 1181 709 1246 honorem
731 1186 860 1247 Aeneae
883 1184 993 1266 epulas
1017 1183 1114 1248 daret.
1161 1182 1245 1248 Aliis
1280 1203 1410 1267 quoqne
1443 1185 1522 1250 locis
1553 1184 1638 1268 apud
1662 1184 1839 1250 Martialem
1871 1185 1985 1250 eadem

180 1270 338 1355 cupiditas
360 1271 567 1353 antiquorum
590 1288 724 1354 operum
747 1271 917 1359 apparetl)

336 1356 494 1445 Reliquae
527 1363 611 1424 artes
644 1358 766 1426 Romae
800 1381 865 1427 non
900 1363 1008 1427 minus
1032 1361 1165 1426 Graecis
1186 1360 1347 1426 obnoxias
1369 1369 1461 1427 erant
1483 1367 1617 1447 excepta
1639 1364 1862 1448 architectura,
1900 1385 1985 1449 quae

183 1448 253 1514 sola
274 1447 495 1513 Romanorum
517 1449 647 1533 propria
669 1449 733 1514 dici
754 1470 849 1535 posse
870 1451 1010 1517 videtur.
1054 1449 1238 1516 Histriones
1272 1451 1402 1535 quidem
1437 1453 1704 1537 praestantissimi
1727 1451 1847 1517 Rornae
1871 1457 1987 1538 primis

180 1543 254 1624 post
284 1536 447 1604 Christum
478 1546 592 1603 natum
624 1539 763 1604 saeculis
796 1540 910 1606 Graeci
944 1545 1045 1622 erant,
1078 1559 1119 1603 ex
1152 1539 1272 1624 quibus
1304 1538 1472 1605 Iuvenalis
1503 1540 1690 1606 Stratoclem
1724 1548 1756 1606 et
1778 1541 1981 1608 Demetrium

181 1625 362 1716 nominati)
392 1628 554 1693 maximos
576 1628 761 1694 comoediae
783 1634 917 1712 actores,
939 1636 977 1694 ut
999 1631 1044 1693 ait
1067 1625 1327 1711 Quintilianus.³)
1386 1629 1557 1694 Praeterea
1577 1629 1749 1714 Haemum,
1774 1633 1982 1710 Antiochum,

182 1715 420 1803 Carpophorum
444 1717 614 1782 comoedos
636 1718 823 1784 invenimus
844 1719 932 1804 apud
954 1714 1181 1804 Iuvenalem,4)
1212 1720 1271 1802 qui
1293 1736 1453 1782 summam
1476 1719 1594 1784 famam
1617 1722 1761 1805 personis
1783 1717 1980 1787 feminarum

182 1807 315 1892 agendis
338 1808 503 1872 consecuti
525 1811 625 1890 erant,
659 1807 746 1891 qnod
780 1826 845 1872 non
878 1810 925 1873 ita
951 1808 1091 1871 multum
1123 1813 1216 1892 poeta
1238 1807 1383 1890 miratur,
1417 1827 1493 1872 cum
1516 1813 1617 1873 totam
1639 1811 1802 1874 nationem
1824 1811 1980 1876 Graecam

182 1895 367 1962 comoedum
391 1914 461 1962 esse
484 1893 613 1983 dicata)
654 1898 814 1962 neminem
849 1896 967 1962 melius
998 1915 1092 1980 agere
1125 1897 1322 1961 comoediam
1345 1897 1476 1978 Graeco,
1509 1916 1585 1962 cum
1612 1905 1669 1962 aut
1690 1900 1792 1963 amica
1815 1905 1874 1964 aut
1899 1919 1982 1965 uxor

182 1991 239 2051 aut
261 1985 377 2050 ancilla
399 1986 589 2051 sustinenda
611 1987 666 2069 sit;
688 1987 774 2070 ipsas
797 1986 949 2051 mulieres
971 1985 1062 2070 loqui
1086 1985 1241 2050 crederes.
1286 1983 1368 2050 (ium
1391 2004 1468 2050 vero
1496 2005 1584 2051 more
1606 1985 1760 2070 Romano,
1794 1990 1983 2073 quicunque

183 2083 285 2141 artem
306 2076 465 2140 ludicram
487 2076 613 2159 laceret,
635 2076 766 2140 infamia
789 2082 964 2154 notaretur,
987 2093 1025 2140 eo
1048 2076 1149 2139 maior
1171 2076 1295 2139 nationi
1318 2074 1458 2140 Graecae
1480 2077 1604 2140 invidia
1629 2076 1767 2141 conflata
1801 2083 1860 2142 est.
1911 2077 1983 2142 Huc

182 2164 361 2249 accedebat,
384 2165 471 2249 quod
493 2184 595 2249 paene
618 2183 731 2230 omnes
753 2171 876 2230 actores
900 2171 956 2228 aut
978 2166 1060 2229 servi
1087 2170 1143 2227 aut
1165 2162 1272 2228 liberti
1295 2171 1394 2231 erant.
1439 2165 1558 2230 'lamen
1583 2167 1660 2231 haec
1682 2168 1862 2250 ignominia
1885 2169 1982 2232 totius

184 2256 307 2320 ordinis
331 2274 397 2319 non
419 2254 595 2338 impedivit,
620 2255 700 2338 quin
726 2255 917 2339 complures,
951 2259 1118 2337 postquam
1154 2272 1252 2317 manu
1287 2255 1377 2319 missi
1411 2259 1496 2336 sunt,
1530 2256 1569 2319 ad
1604 2275 1748 2321 summos
1778 2256 1922 2320 honores
1954 2262 1981 2320 et

183 2349 372 2428 potestatem
395 2345 611 2410 escenderent
658 2343 742 2409 Satis
776 2344 837 2408 erit
870 2343 996 2407 Paridis
1030 2342 1217 2427 exemplum
1239 2342 1361 2426 afferre,
1395 2341 1577 2408 Domitiano
1600 2344 1851 2427 familiarissimi,
1875 2365 1898 2408 a
1920 2364 1981 2430 quo

184 2434 225 2498 ad
248 2453 380 2519 magnas
403 2452 480 2518 opes
503 2435 720 2516 eximiamque
743 2435 964 2498 auctoritatem
993 2437 1124 2497 evectus
1147 2437 1204 2514 est,
1226 2437 1335 2516 postea
1356 2451 1433 2496 vero
1461 2452 1558 2516 quam
1581 2432 1723 2497 Domitia
1757 2453 1842 2498 uxor
1877 2453 1982 2499 amore

183 2527 254 2589 eius
288 2525 416 2604 exarsit,
451 2523 584 2588 occisus.
642 2521 744 2598 Quem
779 2542 853 2587 cum
888 2522 1049 2587 luvenalis
1082 2522 1189 2589 aetirm
1223 2522 1292 2586 suis
1326 2521 1519 2604 offendisset,
1551 2541 1624 2586 eum
1654 2523 1773 2587 diceret
1795 2523 1977 2590 histrionem

183 2615 297 2678 multis
319 2613 535 2697 praefecturas
559 2617 590 2677 et
612 2612 795 2677 tribunatus
818 2611 1003 2678 vendidisse
1026 2617 1269 2694 equestremque
1296 2609 1485 2694 dignitatem
1508 2611 1656 2696 largitum
1679 2608 1786 2697 essefi)
1820 2619 1920 2696 poeta
1949 2615 1977 2676 in

183 2705 317 2768 exilium
342 2705 463 2768 missus
486 2711 544 2767 est.
589 2702 628 2766 In
651 2703 788 2768 eundem
804 2700 952 2766 Paridem
968 2699 1124 2764 Martialis
1146 2699 1289 2784 lepidum
1305 2699 1389 2764 illud
1404 2701 1600 2784 epigramma
1614 2698 1725 2784 iecitl)
1747 2720 1811 2784 quo
1828 2703 1978 2767 viatorem

183 2798 301 2875 monet,
336 2810 377 2856 ne
409 2796 585 2877 praetereat
619 2791 814 2876 sepulerum,
846 2810 910 2875 quo
942 2790 1033 2854 urbis
1066 2790 1208 2871 deliciae,
1242 2808 1294 2852 ars
1322 2795 1354 2853 et
1375 2792 1486 2873 gratia,
1519 2790 1611 2854 lusus
1633 2796 1666 2854 et
1688 2790 1844 2873 voluptas,
1869 2792 1975 2857 tharbi

183 2881 321 2946 Romani
344 2881 442 2946 decus
466 2885 497 2946 et
519 2881 619 2964 dolor,
642 2899 753 2946 omnes
776 2879 921 2945 Veneres
944 2878 1183 2963 Cupidinesque
1217 2877 1346 2941 condita
1379 2879 1452 2944 sint.
1501 2878 1629 2955 Quanta
1665 2880 1736 2943 eius
1768 2881 1877 2963 gratia
1901 2879 1977 2964 apud

184 2991 295 3036 omnes
326 2968 488 3035 Romanos
519 2971 625 3053 brerit,
658 2989 700 3034 ex
734 2970 800 3034 illis
834 2968 982 3034 versibus
1005 2967 1171 3033 Iuvenalis
1194 2964 1359 3051 appareti)
1395 2968 1512 3051 quibus
1535 2969 1676 3032 maxime
1703 2985 1773 3032 esse
1796 2968 1979 3033 mirandum

185 3062 271 3144 dicit,
294 3080 359 3124 non
383 3051 469 3144 quod
493 3079 575 3125 uxor
597 3061 754 3125 senatoris
776 3061 945 3123 immemor
967 3057 1142 3122 liberorum
1175 3063 1206 3120 et
1239 3056 1387 3140 coniugis
1420 3075 1495 3120 cum
1527 3056 1703 3139 gladiatore
1735 3057 1976 3142 inaegyptum

183 3150 324 3234 protecta
347 3151 397 3232 sit,
430 3168 494 3213 non
531 3148 618 3233 qnod
651 3150 792 3214 molliter
812 3150 845 3212 in
871 3149 965 3213 domo
988 3153 1120 3231 paterna
1144 3146 1313 3210 educatam
1336 3164 1426 3209 amor
1448 3146 1588 3210 lascivus
1610 3151 1675 3209 tam
1699 3144 1854 3209 audacem
1880 3145 1973 3212 reddi·

184 3239 276 3322 derit,
300 3245 336 3304 ut
358 3236 501 3322 pericula
524 3240 737 3323 navigationis
760 3243 933 3323 sperneret,
957 3237 1013 3302 sed
1029 3235 1116 3320 quod
1131 3236 1225 3305 ludos
1241 3241 1273 3300 et
1287 3233 1436 3299 Paridem
1452 3236 1629 3320 reliquerit.
1675 3232 1779 3310 Quam
1794 3234 1973 3300 effrenatam

184 3330 219 3392 in
242 3329 413 3393 histriones
437 3327 575 3393 Graecos
598 3327 763 3393 libidinem
788 3333 1005 3392 matronarum
1028 3324 1244 3390 Romanarum
1269 3326 1397 3407 saepius
1419 3324 1525 3390 verbis
1548 3325 1710 3390 acerrimis
1733 3321 1934 3410 vituperati)

345 3416 440 3494 Quod
462 3437 560 3501 supra
584 3417 652 3481 dixi
676 3437 786 3482 omnes
809 3423 892 3481 artes
915 3413 1131 3480 Romanorum
1158 3414 1288 3478 Graecis
1311 3414 1467 3479 obnoxias
1495 3433 1575 3499 esse,
1601 3414 1678 3478 satis
1701 3413 1883 3497 explicasse
1905 3412 1978 3479 mihi

186 3509 305 3573 videor.
357 3507 577 3572 Architectura
600 3508 668 3571 sola
689 3508 817 3591 propria
838 3504 1056 3570 Romanorum
1080 3523 1132 3568 ars
1155 3509 1187 3568 et
1210 3522 1252 3567 ex
1275 3505 1353 3586 ipsis
1387 3522 1457 3567 esse
1479 3510 1554 3566 nata
1577 3503 1713 3585 videtur,
1748 3522 1844 3586 quam
1883 3521 1977 3568 unam

185 3617 245 3662 suo
267 3599 396 3681 ingenio
420 3596 550 3680 dignam
574 3595 822 3676 arbitrabantur,
851 3615 926 3659 cnm
950 3614 1015 3658 una
1036 3595 1181 3676 ingentia
1213 3591 1269 3655 illa
1303 3598 1513 3657 monumenta
1546 3598 1711 3656 exstruere
1745 3595 1864 3674 posset,
1901 3609 1977 3676 quae

183 3686 345 3751 Romanos
380 3686 466 3750 orbis
498 3690 658 3750 terrarum
692 3684 839 3749 dominos
873 3702 943 3748 esse
976 3683 1209 3768 praedicarent;
1241 3700 1278 3745 ea
1311 3687 1379 3745 arte
1411 3701 1502 3746 suam
1537 3683 1631 3766 quasi
1662 3680 1798 3744 formam
1821 3680 1978 3764 expressit

184 3778 351 3859 ingenium
385 3775 569 3839 Romanum
605 3775 741 3839 liberum
776 3774 986 3856 solutumque
1019 3771 1058 3835 ab
1092 3772 1281 3836 auctoritate
1306 3769 1437 3835 Graeca.
1493 3770 1559 3835 Suo
1593 3772 1691 3853 igitur
1724 3771 1794 3832 iure
1823 3767 1976 3834 Martialis

183 3866 341 3948 gloriatur
364 3866 471 3928 omnia
487 3862 637 3929 Graeciae
660 3883 765 3948 opera,
788 3861 910 3927 Dianae
926 3862 1082 3946 Ephesiae
1105 3861 1270 3944 templum,
1291 3857 1363 3922 Deli
1390 3860 1517 3924 insulae
1539 3877 1620 3939 arae,
1642 3857 1844 3922 mausoleum
1871 3857 1979 3923 Gar-iae

185 3955 297 4018 cedere
313 3953 544 4037 amphitheatro
561 3950 774 4039 Gaesare0310)
796 3951 952 4017 miracula
968 3952 1055 4034 regia
1070 3949 1275 4035 pyramidum
1292 3949 1518 4032 colossumque
1540 3946 1704 4012 Rhodium
1727 3948 1812 4009 vinci
1836 3947 1978 4027 aedibus,

186 4063 266 4127 quas
289 4042 493 4108 Domitianus
516 4045 550 4106 in
573 4049 682 4107 monte
705 4041 851 4107 Palatino
874 4037 1140 4126 exstruxisset.¹¹)

344 4132 395 4196 Rx
418 4134 516 4196 variis
538 4131 710 4217 generibus
727 4132 930 4215 Graecorum,
955 4149 1034 4214 quos
1058 4126 1192 4193 Romam
1216 4129 1399 4212 immigrare
1415 4126 1579 4191 Iuvenalis
1603 4122 1731 4211 dioitffl)
1751 4129 1860 4207 restat,
1884 4131 1924 4191 ut
1942 4126 1977 4189 de

185 4222 318 4287 medicis
353 4243 445 4306 agam
480 4227 577 4305 atque
599 4225 710 4306 paucis
733 4222 908 4304 absolvam,
933 4220 1009 4304 quid
1034 4217 1073 4282 de
1097 4237 1208 4283 eorum
1232 4217 1415 4281 conditione
1448 4216 1534 4300 apud
1569 4234 1624 4280 eos
1656 4223 1765 4297 poetas
1787 4214 1980 4280 inveniatur.

184 4311 383 4376 Medicorum
407 4331 459 4376 ars
482 4308 602 4376 Romae
624 4314 793 4396 praecipue
816 4332 835 4374 a
859 4311 988 4375 Graecis
1011 4307 1219 4372 exercebatur
1247 4308 1316 4370 sive
1349 4306 1458 4370 liberis
1493 4306 1561 4368 sive
1595 4305 1705 4368 servis.
1760 4300 1981 4369 Romanorum

183 4404 324 4485 gravitas
358 4402 437 4466 adeo
472 4401 578 4464 aliena
615 4407 682 4464 erat
706 4401 745 4464 ab
769 4421 806 4465 eo
828 4401 946 4481 studio,
980 4403 1016 4461 ut
1039 4398 1135 4461 etiam
1160 4395 1259 4458 Plinii
1282 4392 1478 4477 temporibus
1501 4394 1595 4477 pauci
1618 4392 1652 4457 id
1675 4397 1904 4474 sequerentur,
1925 4393 1980 4476 qui

185 4498 216 4554 et
238 4494 300 4576 ipsi
323 4491 416 4556 brevi
440 4490 560 4554 Graece
583 4491 773 4554 medicinam
797 4487 983 4570 tractabant,
1008 4505 1081 4549 cum
1105 4485 1198 4549 aliter
1213 4486 1309 4548 eham
1331 4482 1416 4568 apud
1432 4484 1597 4567 imperitos
1614 4489 1826 4564 expertesque
1850 4482 1980 4566 linguae

185 4580 325 4646 Graecae
349 4581 521 4645 auctoritas
545 4598 610 4643 non
634 4586 727 4646 esset
773 4576 854 4642 Cum
878 4597 953 4642 vero
976 4577 1075 4641 moris
1097 4594 1162 4638 non
1186 4581 1270 4639 esset
1292 4572 1437 4656 Romani,
1460 4579 1497 4637 ut
1520 4573 1598 4657 quid
1615 4573 1650 4635 in
1667 4590 1726 4636 sua
1749 4570 1892 4654 quisque
1916 4576 1977 4635 arta

343 4813 370 4883 1)
389 4809 454 4874 vn.
465 4813 507 4867 19.
525 4808 605 4876 vin,
615 4810 657 4864 51.
676 4804 809 4873 xrvai.
827 4805 933 4874 xum.
952 4804 1019 4871 xm,
1032 4807 1075 4863 aa.
1098 4803 1152 4871 rx,
1163 4805 1206 4860 aa.
1219 4807 1262 4862 eo.
1280 4802 1334 4871 111,
1346 4804 1389 4858 41.
1407 4800 1488 4871 xiv,
1501 4802 1543 4856 aa.
1579 4800 1607 4870 a)
1626 4800 1679 4863 111,
1690 4802 1733 4855 ss.
1768 4797 1979 4870 exuaris

183 4887 210 4957 4)
229 4885 351 4953 mres.
387 4885 414 4950 e)
432 4882 486 4947 111,
499 4885 559 4940 roo.
604 4880 631 4952 a)
658 4878 725 4952 vn,
746 4881 788 4934 ar.
835 4880 861 4951 r)
878 4878 933 4951 xi,
955 4881 996 4938 re.
1033 4879 1059 4944 s)
1086 4876 1137 4944 vr,
1159 4877 1202 4932 er.
1239 4875 1265 4946 a)
1308 4872 1779 4943 1,eo-re.va-113.379-397.
1827 4871 1874 4944 ro)
1897 4890 1942 4945 p.
1957 4873 1980 4927 1.

183 4959 228 5029 11)
248 4958 270 5025 1,
290 4954 491 5026 ro.vn1‚3e.
528 4955 572 5025 12)
590 4953 645 5023 nr,
663 4953 705 5012 rr.

1012 5163 1150 5218 -50-
