4344 5746
585 348 714 429 Psalmi
731 347 890 430 starastla
899 340 1055 421 luvenalis
1069 363 1130 437 ‘quo
1143 347 1233 420 'medo
1250 360 1287 419 de
1306 345 1434 420 Graecis
1446 343 1587 418 indicent.
1970 351 1989 432 *1

184 584 271 646 uerte
293 578 439 643 laxatum
463 582 495 643 et
516 579 698 645 remissum,
755 575 922 644 Iuvenalis
956 580 1086 665 quidem
1121 578 1293 644 mulierum
1326 578 1527 662 plebeiorum
1553 581 1586 642 et
1607 596 1785 663 pauperum
1809 579 1885 644 dicit
1919 596 1990 644 esse

186 686 245 734 suo
291 668 373 732 lacte
417 665 505 732 alere
549 668 698 750 infantes,
742 667 868 734 nobiles
912 664 946 733 st
981 668 1096 734 divites
1141 664 1277 733 lomim
1310 669 1445 732 nutricis
1476 666 1602 732 labores
1640 685 1704 731 non
1742 670 1807 732 iam
1840 667 1991 751 subirel)

185 751 312 823 Nutrici
333 756 383 820 illi
405 755 544 822 Graecas
566 773 661 842 saepe
674 771 726 822 ex
749 759 852 824 servis
874 757 993 843 uliquis
1015 756 1252 844 adiungebutur
1273 755 1464 842 plerumque
1485 756 1664 822 vilissimus
1692 772 1797 842 neque
1820 757 1882 822 ulli
1903 759 1990 822 serio

185 847 365 912 ministerio
387 845 625 930 accomodatum
663 852 828 932 praeterea
861 848 1000 913 nutricis
1022 849 1153 913 nomine
1174 864 1240 928 uon
1265 862 1324 930 eae,
1351 849 1474 910 tantum
1498 845 1650 911 mulieres
1672 846 1881 929 vocabantur,
1905 864 1990 930 quae

183 937 267 1001 lacte
290 933 429 1000 infantes
452 934 588 1020 alebant,
612 937 816 1002 sedomnino
831 955 915 1020 quae
930 937 1122 1022 munditiem
1137 940 1170 1001 et
1184 932 1381 1019 dili-gentiam
1400 935 1442 1000 iis
1456 934 1672 1020 praestabant,
1690 938 1834 1001 pumices
1857 932 1990 1020 essaei)

186 1021 307 1089 Harum
331 1023 496 1089 errorlbus
511 1026 549 1088 et
571 1024 856 1110 superstitionibus
879 1026 983 1091 teneri
1005 1027 1112 1091 statim
1135 1031 1168 1091 et
1189 1023 1288 1090 rudes
1304 1025 1409 1089 ‘animi
1424 1023 1596 1089 infantium
1612 1022 1850 1089 imbuebantur.
1888 1025 1991 1108 Apud

185 1109 366 1197 Persinmss)
399 1112 565 1197 complura
598 1129 710 1179 earum
742 1116 907 1181 nutricum
942 1119 1016 1180 vota
1047 1117 1157 1200 inepta
1178 1114 1328 1199 legimus,
1359 1119 1397 1178 ut
1424 1113 1589 1198 quidquid·
1611 1111 1783 1178 calcaverit
1804 1132 1894 1197 puer,
1918 1132 1992 1178 rosa

185 1202 252 1284 fiat,
273 1197 311 1266 ut
333 1219 393 1267 rex
414 1206 446 1267 et
468 1203 579 1287 regina
603 1220 678 1269 eum
701 1218 857 1290 generum
880 1208 990 1289 optant
1010 1203 1201 1289 puellaeque
1223 1204 1358 1287 rapiant,
1392 1213 1476 1286 quaa
1500 1206 1575 1266 vota
1597 1207 1708 1266 eontra
1731 1204 1886 1267 rationem
1909 1202 1993 1267 facta

183 1297 220 1355 ut
242 1290 388 1376 Iuppiter
409 1296 514 1377 neget,
536 1296 628 1378 poeta
651 1299 730 1358 orat.
759 1291 860 1371 'Ludi
890 1306 1020 1378 quoque
1043 1293 1165 1376 Graeci,
1189 1293 1245 1377 qui
1268 1292 1353 1376 apud
1376 1309 1494 1376 pueros
1516 1292 1551 1355 in
1575 1310 1639 1355 usu
1663 1296 1763 1373 erant,
1795 1310 1990 1356 commemo·

184 1385 299 1444 rantur
321 1378 407 1462 apud
430 1379 616 1466 Persianas)
633 1386 665 1446 et
687 1378 908 1466 Martialem&
931 1383 1032 1448 veluti
1055 1382 1153 1447 ludus
1176 1396 1278 1464 orcas,
1312 1381 1369 1464 qui
1403 1381 1448 1445 ita
1481 1379 1702 1462 exercebatur,
1733 1384 1770 1445 ut
1790 1400 1848 1464 pro
1872 1380 1993 1446 fossula

185 1487 247 1533 vas
268 1468 367 1533 fictile
389 1474 528 1552 angusto
552 1470 635 1536 oollo
655 1474 838 1554 poneretur,
859 1471 894 1535 in
916 1472 1007 1557 quod
1029 1472 1088 1536 tall
1102 1468 1155 1536 vel
1173 1470 1479 1551 nucesiacerentur,
1501 1471 1643 1554 itemque
1664 1467 1772 1551 turbo,
1795 1469 1991 1534 Graecorum
2033 1480 2036 1485 ⁴

184 1553 306 1641 βέμβιξ
333 1553 404 1621 sive
438 1553 608 1644 στρόμβος,
642 1559 728 1643 apud
756 1570 882 1642 pueros*
897 1559 1061 1626 Romanos
1094 1561 1235 1626 usitatus
1267 1562 1343 1640 erat,
1375 1576 1442 1621 non
1475 1558 1585 1623 miuus
1617 1576 1715 1641 quam
1738 1558 1840 1641 „celer
1862 1558 1992 1623 trochus
2116 1553 2117 1558 ’

185 1648 244 1729 qui
265 1649 357 1711 sonat
379 1650 493 1729 arguto
516 1644 643 1733 aere“,⁰)
664 1650 709 1712 ila
731 1653 767 1712 ut
789 1648 886 1712 turba
908 1648 1036 1713 obviam
1058 1650 1258 1715 venientium
1282 1647 1394 1712 cedere
1410 1643 1576 1731 rogaturo
1601 1646 1687 1731 quod
1701 1645 1788 1710 idem
1810 1647 1990 1731 periculum

183 1735 338 1819 imminet,
361 1735 546 1818 „splendida
569 1746 643 1800 cum
666 1737 801 1802 volitant
822 1736 969 1822 Spartani
990 1738 1134 1823 pondera
1157 1733 1297 1822 disci.“⁸)
1641 1736 1642 1740 ’

345 1818 398 1887 Hx
421 1843 475 1889 ore
498 1825 662 1889 nutricum
687 1825 882 1891 Graecarum
904 1845 986 1912 puer
1011 1827 1156 1912 linguam
1179 1824 1335 1890 Graecam
1359 1823 1500 1889 discebat
1520 1824 1668 1908 primam,
1691 1824 1725 1888 id
1749 1825 1836 1908 quod
1864 1824 1995 1901 Quinti·

187 1914 294 1978 lienus
315 1912 387 1977 fieri
409 1914 489 1994 vult,
516 1931 591 1977 cum
614 1930 794 1979 sermonem
809 1914 966 1997 latinum,
999 1915 1055 1999 qui
1077 1913 1225 2000 pluribus
1247 1915 1280 1977 in
1305 1932 1369 1978 usu
1393 1915 1442 1995 sit,
1477 1931 1558 1997 puer
1579 1914 1676 1978 edam
1699 1914 1823 1978 invitus
1845 1913 1994 1999 perbibat

186 2007 219 2066 et
242 2001 419 2086 disciplinis
443 2001 574 2067 Graecis
587 2004 688 2087 -prius
710 2003 930 2069 instituendus
952 2005 1003 2087 sit,
1037 2005 1124 2069 unde
1146 2001 1309 2068 Romanae
1344 1999 1538 2088 fluxerint9)
1589 1994 1704 2086 Neque
1732 2005 1842 2067 miuus
1865 2003 1994 2087 puellae

186 2093 253 2155 iam
277 2090 317 2154 ab
339 2092 474 2156 ineunte
495 2095 597 2156 aetate
624 2090 768 2177 linguam
793 2091 949 2158 Graecam
978 2092 1153 2176 discebant,
1182 2093 1275 2156 cuius
1297 2090 1344 2155 rei
1366 2091 1586 2158 testimonium
1613 2108 1729 2171 versus
1752 2092 1799 2155 illi
1828 2091 1992 2156 Iuvenalis

188 2177 317 2265 sunt,¹⁰)
339 2178 457 2263 quibus
472 2181 634 2245 neminem
650 2199 785 2265 quarere
801 2181 894 2265 dolet,
911 2182 997 2247 unde
1014 2183 1087 2265 quia
1104 2181 1230 2263 habeat,
1245 2177 1302 2245 sed
1317 2184 1465 2267 oportere
1480 2178 1597 2244 habere
1611 2180 1710 2264 idque
1730 2199 1852 2246 ommes
1870 2180 1993 2265 puellas

188 2275 263 2333 ante
286 2269 381 2351 alpha
395 2273 428 2333 et
449 2268 524 2334 beta
536 2268 671 2336 discere.
716 2271 792 2335 Alio
807 2271 877 2336 loeo
896 2272 1043 2354 queritur
1057 2272 1165 2335 omnia
1181 2268 1302 2334 Graece
1317 2269 1497 2352 exprimere
1518 2275 1550 2333 et
1563 2268 1654 2353 loqui
1669 2268 1806 2335 laminas
1821 2268 1994 2351 Romanas,

189 2377 265 2421 cum
287 2359 330 2421 sit
352 2359 453 2441 magis
475 2362 569 2443 turpe
591 2360 716 2424 nescire
735 2358 892 2444 latine:1¹)
921 2357 1045 2425 nullam
1069 2360 1238 2424 mulierem
1262 2375 1333 2424 sese
1355 2359 1529 2422 formosam
1550 2363 1675 2442 putare,
1698 2359 1763 2423 nisi
1787 2356 1825 2423 de
1849 2358 1996 2424 Romana

188 2447 273 2511 tacta
295 2448 338 2510 sit
360 2445 529 2530 Graecula;
561 2458 709 2514 sermone
732 2447 853 2513 Graeco
875 2449 1027 2514 mulieres
1050 2465 1184 2533 pavens,
1197 2449 1258 2512 hoc
1279 2463 1427 2512 sermone
1448 2448 1541 2530 uam,
1572 2447 1698 2530 gaudia,
1733 2466 1837 2531 curas,
1872 2452 1991 2511 cuncta

190 2535 289 2598 animi
312 2540 435 2599 secreta
456 2535 629 2620 effundere,
652 2537 732 2620 quin
748 2538 845 2601 etiam
859 2538 894 2600 iu
910 2535 1038 2602 lectulis
1054 2538 1174 2603 Graece
1188 2537 1288 2621 loqui.
1323 2536 1383 2601 ”Ac
1404 2554 1469 2600 non
1492 2533 1588 2600 modo
1610 2536 1738 2620 puellae
1760 2536 1820 2600 hoc
1844 2553 1996 2601 sermone

188 2625 223 2687 in
248 2622 400 2688 omnibus
424 2624 643 2689 occasionibus
666 2623 853 2704 utebantur,
881 2626 937 2691 sad
959 2644 1001 2691 ne
1023 2631 1185 2691 mabonas
1214 2625 1345 2710 quidem
1373 2623 1515 2710 pudebat
1540 2623 1830 2689 exclamationibus
1854 2623 1995 2707 Graecis,

190 2717 228 2776 ut
243 2705 311 2801 ζωῆ
333 2709 392 2778 καὶ
414 2708 516 2803 ψυχή,
530 2712 660 2797 publice
674 2711 780 2802 uti.¹²)
802 2713 924 2780 Eadem
947 2715 1100 2781 decanea
1118 2714 1274 2780 Martialis
1290 2711 1458 2798 mulierem
1474 2712 1652 2779 Romanam
1668 2716 1837 2797 vituperat,
1854 2715 1907 2777 oui
1918 2732 1993 2778 cum

190 2820 298 2886 neque
320 2801 469 2887 Ephesus
492 2819 599 2887 neque
621 2801 755 2869 Rhodus
776 2805 880 2888 p'atria
903 2805 953 2887 sit,
977 2804 1034 2869 sed
1058 2805 1172 2870 domus
1193 2805 1229 2869 in
1252 2804 1324 2867 rico
1345 2801 1491 2888 patricio,
1505 2798 1607 2890 Κύριέ
1627 2825 1698 2886 μου,
1719 2801 1796 2886 μέλι
1809 2824 1881 2885 μου,
1905 2796 1995 2890 ψυχή

191 2911 255 2973 μου
276 2891 312 2954 in
329 2907 392 2955 ‘ore
413 2889 522 2956 habet:
545 2888 653 2976 puella
675 2897 787 2958 utatur
808 2894 859 2957 his
881 2893 1017 2958 vocibus
1039 2912 1105 2959 non
1128 2898 1215 2959 casta
1237 2887 1437 2975 madenam)

353 2970 416 3044 Sed
440 2980 525 3063 quod
547 2985 641 3064 poeta
662 2981 790 3047 leminis
812 2980 967 3048 Romanis
991 2984 1068 3048 vitio
1093 2982 1155 3066 dat,
1185 2983 1304 3047 mirum
1328 2987 1486 3066 quantum
1510 2982 1582 3065 ipre
1606 2998 1672 3044 non
1702 2979 1861 3045 observat.
1910 2979 1997 3055 Quot

194 3068 281 3132 enim
304 3070 338 3131 in
361 3069 441 3133 locis
463 3070 731 3153 epigrammatum
753 3070 852 3136 verbu
874 3070 997 3137 Graeca
1018 3073 1251 3138 inveniuntur!
1299 3068 1364 3149 oui
1396 3089 1467 3135 mos
1498 3068 1605 3134 verbis
1629 3069 1751 3134 Latinis
1772 3069 1896 3133 Graeca
1921 3070 1997 3133 mis·

192 3155 289 3220 cendi
312 3174 349 3221 eo
371 3158 482 3222 minos
504 3158 590 3243 apud
614 3157 792 3224 Martialem
815 3161 1048 3245 vituperandus
1075 3162 1212 3244 videtur,
1235 3159 1323 3245 quod
1345 3160 1380 3223 in
1404 3178 1442 3223 aa
1456 3176 1492 3224 re
1515 3158 1701 3242 exemplum
1723 3159 1916 3243 optimorum
1940 3157 1997 3241 qui

191 3250 363 3310 antaeum
382 3246 515 3311 fuerunt
537 3248 730 3332 scriptorum
751 3249 909 3332 sequitur,
931 3251 1034 3315 veluti
1057 3249 1181 3332 Lucilii,
1216 3247 1388 3332 Ciceronis,
1421 3245 1559 3328 Horatii,
1599 3246 1716 3311 deinde
1755 3245 1841 3333 quod
1868 3244 1998 3330 saepius

192 3354 236 3398 ex
258 3335 324 3399 vita
348 3334 536 3419 quotidiana
558 3340 655 3420 atque
678 3355 826 3402 sermone
848 3338 975 3423 vulgari
996 3340 1095 3423 petita
1117 3337 1268 3418 adhibere
1290 3337 1380 3402 solet.
1425 3335 1468 3400 Ht
1490 3340 1557 3401 arat
1579 3336 1702 3401 mixtus
1720 3337 1784 3400 illis
1799 3334 1997 3419 temporibus

191 3440 297 3488 sermo
320 3423 465 3488 urbanus
481 3423 595 3490 verbis
618 3425 758 3510 Graecis,
795 3426 882 3511 quod
913 3428 1022 3492 neseio
1051 3446 1094 3492 an
1125 3427 1250 3493 nulllus
1277 3424 1396 3511 scripta
1423 3425 1542 3490 elarius
1564 3424 1702 3509 probant
1724 3443 1822 3508 quam
1844 3423 1996 3506 Petronii,

193 3530 277 3596 quas
299 3513 544 3580 consuetudinis
567 3518 599 3579 et
620 3515 751 3600 liuguae
766 3515 911 3600 plebeiae
926 3517 1128 3582 verissimam
1142 3518 1314 3602 imaginem
1334 3514 1428 3580 nobis
1443 3514 1606 3580 exhibent.
1645 3515 1760 3597 Itaque
1782 3532 1843 3578 nos
1867 3512 1997 3597 quidem

193 3607 307 3685 poetae
329 3602 408 3667 adeo
431 3621 497 3667 non
520 3608 686 3669 vertemus
708 3606 853 3688 crimini,
869 3606 965 3689 quod,
989 3624 1186 3690 quamquam
1209 3610 1298 3670 tanto
1321 3605 1429 3669 studio
1454 3608 1641 3687 corruptum
1664 3600 1791 3667 dicendi
1813 3620 1917 3687 genus
1938 3602 1998 3664 im·

194 3694 329 3774 pugnat,
351 3690 437 3754 idem
460 3693 495 3754 in
518 3694 633 3756 vitium
656 3695 801 3777 incurrit,
823 3699 860 3758 ut
882 3693 1042 3760 tributum
1065 3696 1192 3760 saeculo
1216 3711 1275 3758 suo
1298 3712 1373 3759 eum
1397 3693 1532 3757 solvisse
1554 3692 1708 3756 dicamus.

355 3777 430 3842 Non
453 3781 598 3844 alienum
621 3801 640 3845 a
661 3785 822 3866 proposito
842 3784 971 3849 videtur
992 3804 1035 3849 ex
1051 3783 1182 3850 Graecis
1197 3784 1263 3848 illis
1277 3779 1495 3847 locutionibus
1511 3781 1551 3845 ad
1563 3799 1631 3844 rem
1646 3780 1870 3845 illustrandam
1887 3779 1999 3844 afferre

197 3868 363 3951 quasdam.
410 3866 585 3933 Procillum
609 3873 760 3953 amicum,
795 3891 934 3956 quocum
962 3879 1056 3939 nocte
1084 3875 1248 3958 superiore
1276 3870 1439 3954 coenabat,
1473 3875 1566 3954 poeta
1594 3869 1704 3934 ebrius
1727 3871 1927 3949 invitaverat,
1962 3874 2000 3932 ut

195 3957 350 4040 postridie
385 3975 496 4022 secum
531 3965 692 4042 coenaret3
728 3963 757 4026 is
781 3963 889 4027 statim
917 3962 1034 4026 factam
1062 3963 1125 4028 sibi
1147 3981 1214 4026 rem
1238 3962 1364 4047 putavit
1386 3965 1418 4025 et
1441 3959 1529 4024 ebria
1551 3958 1649 4023 verba
1673 3952 1867 4035 subnotavit,
1902 3976 1997 4040 quam

195 4047 384 4110 memoriam
400 4048 556 4112 convivae
571 4047 727 4114 Martialis
742 4051 911 4134 vituperat,
934 4070 1009 4116 cum
1032 4052 1202 4116 exclamat:
1220 4052 1327 4116 Μισῶ
1340 4044 1491 4132 μνάμονα
1513 4043 1739 4133 repascere)
1766 4045 1830 4124 Qui
1846 4046 1928 4111 forte
1941 4065 1999 4130 pu·

198 4139 267 4197 tent
290 4134 480 4199 brevitatem
504 4137 769 4220 epigrammatum
794 4156 863 4202 esse
887 4140 1011 4218 vitium,
1035 4158 1077 4203 ax
1091 4142 1133 4205 iis
1150 4143 1283 4224 quaerit,
1305 4157 1384 4202 num
1400 4136 1554 4200 formulas
1573 4136 1686 4200 malint
1702 4137 1834 4201 utillud
1851 4135 2000 4200 Homeri:

198 4218 265 4287 Τόν
287 4220 315 4286 d’
339 4217 656 4313 asaperadprsvogsi)
700 4225 881 4291 Calliodoro
904 4228 1041 4310 cuidam,
1061 4231 1118 4313 qui
1135 4245 1329 4314 quamquam
1353 4228 1422 4309 ipse
1449 4243 1582 4289 censum
1606 4231 1787 4308 equestrem
1810 4224 1914 4306 habet,
1935 4224 2000 4286 fra·

196 4316 277 4376 trem
302 4310 366 4375 sibi
388 4331 459 4378 esse
482 4313 693 4399 obliviscitur,
725 4316 825 4381 facete
847 4317 974 4381 suadet:
1010 4319 1091 4384 σῦκα
1113 4315 1232 4406 palpata,
1264 4335 1337 4380 oum
1361 4309 1578 4397 σολοικισμόν
1598 4314 1724 4397 faceret,
1759 4320 1786 4378 si
1813 4333 1900 4378 unus
1924 4332 1998 4376 cum

195 4404 281 4464 esset
309 4419 417 4484 eques,
451 4402 515 4467 duo
538 4405 574 4467 in
597 4422 681 4488 equo
706 4403 907 4493 sederantlss)
930 4404 1050 4491 Lepide
1072 4408 1192 4471 dictum
1214 4405 1249 4470 id
1273 4420 1402 4490 quoque
1424 4404 1560 4486 ridetur,
1584 4404 1670 4487 quod
1692 4407 1866 4486 interrogat
1891 4401 2000 4465 Aemi-

196 4489 321 4553 lianum
346 4491 494 4574 amicum,
530 4493 585 4575 qui
620 4512 724 4578 coquo
747 4514 806 4559 suo
829 4494 994 4575 Mystillon
1018 4514 1136 4561 nomen
1160 4498 1355 4580 imposuerat
1377 4495 1524 4559 imitatus
1550 4494 1690 4576 primum
1717 4491 1852 4557 verbum
1886 4508 2000 4555 versus

194 4577 284 4641 illius
299 4577 463 4643 Homerici
478 4576 653 4662 μίστυλλόν
680 4584 709 4648 τ’
728 4572 792 4668 ἶίρα
815 4574 918 4648 τᾶλλα
940 4581 998 4650 καὶ
1021 4576 1102 4674 ἀμφ’
1127 4579 1290 4669 ὀβελοῖσιν
1312 4580 1499 4670 &nusquam
1528 4600 1586 4646 our
1611 4600 1676 4645 non
1692 4582 1848 4646 Taratalla
1872 4599 1999 4663 coquus

344 4826 2002 4902 sumammaaumommsmumwffimomfflm.

196 4872 2003 5025 umfflqmfflmummwmmmmummdmummmm

196 4965 336 5037 mum
379 4968 777 5043 m,u.muum.

1030 5183 1169 5242 ..45-
