4344 5746
586 350 716 418 Persica,
734 350 893 420 Martialis,
909 348 1062 408 Iuvenalis
1081 365 1140 422 quo
1158 346 1246 407 modo
1264 347 1301 406 de
1319 348 1441 406 Graecis
1459 347 1599 408 iudicent.
1946 351 1986 415 11

188 574 273 651 sunt,
307 567 416 632 omnia
450 566 506 631 illa
541 586 637 652 opera
667 571 734 632 arte
767 565 887 630 Graeca
920 571 1024 631 creata
1047 571 1080 631 et
1106 565 1245 651 perfecta
1272 567 1403 649 ingenio
1425 562 1570 628 Romano
1598 563 1678 626 nihil
1708 562 1875 630 debebant.
1922 563 1989 628 Sub

188 660 287 723 finem
309 654 506 741 reipublicae
530 655 649 739 Cicero,
673 674 769 741 quem
794 655 908 720 litteris
931 655 1063 720 Graecis
1085 660 1181 739 atque
1203 659 1272 720 arte
1294 653 1456 718 imbutum
1479 652 1579 717 luisse
1603 670 1696 717 nemo
1716 651 1855 736 negabit,
1878 672 1990 736 quam·

190 768 286 831 quam
310 743 482 812 itineribus
503 746 539 809 iu
563 745 731 811 Graeciam
752 746 868 809 Asiam
890 744 1034 810 Siciliam
1056 745 1150 808 lactis
1173 745 1317 809 animum
1340 743 1380 808 ad
1404 761 1513 807 reram
1529 742 1760 806 humanitatem
1775 742 1987 806 excolendum

189 836 413 916 arbitrabatur,
446 835 525 899 adeo
559 833 671 900 subtili
702 832 820 898 iudicio
852 838 883 898 et
917 853 1015 900 sensu
1049 835 1175 898 sincero
1198 837 1296 914 caret,
1322 837 1359 897 ut
1380 833 1524 911 miretur,
1558 829 1645 913 quod
1666 829 1780 895 Graeci
1802 835 1870 896 arte
1892 832 1990 896 nimie

189 925 395 1005 delectentur,
418 943 514 1007 quam
537 921 674 988 Romani
703 921 946 1008 coutemnautl)
978 942 1052 987 cum
1085 923 1147 1007 ipsi
1169 923 1269 987 rudes
1292 941 1405 987 earum
1426 939 1535 985 rerum
1568 915 1673 1002 sint.²)
1716 918 1879 1001 Vergilius
1914 939 1990 985 vero
2105 988 2107 993 ‚

190 1013 338 1079 versibus
361 1013 438 1096 illis,
461 1011 579 1095 quibua
601 1010 755 1077 Romanis
778 1013 948 1096 imperium
981 1011 1069 1077 orbis
1100 1018 1257 1076 terrarum
1283 1011 1486 1091 vaticinatur,
1520 1013 1628 1092 aperte
1660 1009 1739 1073 dicit
1769 1007 1989 1073 Romanorum

189 1108 274 1168 artes
296 1122 368 1168 esse
391 1101 526 1186 populos
548 1102 682 1186 imperio
705 1119 832 1185 regere:
866 1100 922 1165 alii
945 1100 1109 1166 excudent
1141 1101 1295 1183 spirantia
1327 1118 1401 1165 aera
1431 1099 1588 1183 dausque
1620 1096 1659 1163 de
1692 1116 1851 1163 marmore
1880 1097 1990 1163 vultus

188 1188 335 1258 ducant.³

334 1189 549 1362 )Quamquam
572 1278 671 1361 igitur
694 1279 728 1342 in
751 1276 970 1343 Romanorum
994 1277 1159 1343 mentibus
1182 1296 1220 1342 ea
1242 1279 1292 1345 vis
1316 1283 1348 1342 et
1363 1276 1504 1343 sollertia
1521 1295 1587 1340 non
1602 1276 1717 1358 iuerat,
1739 1293 1824 1359 quae
1839 1275 1990 1360 operibus

188 1377 220 1434 et
243 1368 387 1433 artificiis
410 1367 560 1433 creandis
582 1368 713 1451 faveret,
734 1372 843 1433 umen
865 1367 1020 1452 paulatim
1043 1386 1117 1433 cum
1141 1366 1275 1432 Graecia
1298 1372 1329 1432 et
1351 1367 1431 1431 Asia
1454 1362 1595 1430 subactis
1627 1363 1872 1430 innumerabilis
1900 1367 1991 1451 copia

188 1476 323 1543 operum
344 1455 481 1522 Romam
503 1460 784 1540 transportaretur,
818 1458 882 1541 ipsi
905 1457 1103 1523 ornamentis
1124 1455 1190 1521 illis
1213 1455 1363 1521 delectari
1386 1455 1489 1540 coepti
1512 1458 1597 1519 sunt
1645 1452 1709 1519 Sed
1730 1454 1913 1520 immanitas
1935 1455 1991 1519 illa

189 1553 287 1631 atque
320 1548 436 1611 mum
468 1546 605 1628 inscitia,
636 1564 721 1628 quae
749 1545 908 1610 Mummio
931 1544 1085 1610 Gorintho
1109 1551 1294 1629 expugnata
1327 1544 1492 1608 infamiam
1523 1545 1632 1625 movit,
1666 1547 1752 1608 certe
1777 1542 1990 1628 perlongum

189 1641 317 1719 tempus
338 1637 374 1699 in
396 1636 514 1720 populo
536 1632 681 1699 Romano
703 1633 863 1699 residebat
885 1639 982 1718 atque
1005 1632 1171 1717 efficiebat,
1192 1640 1231 1698 ut
1252 1635 1398 1699 omnium
1421 1650 1555 1717 operum
1577 1632 1731 1698 honorem
1752 1633 1787 1697 in
1803 1633 1904 1717 pretio
1920 1633 1989 1698 solo

211 1726 331 1789 ositum
354 1724 515 1790 ducerent.

190 1744 210 1809 p
348 1811 442 1888 Quod
475 1818 574 1878 totam
605 1813 767 1877 nationem
801 1810 970 1877 subfilicre
1003 1813 1079 1876 artis
1113 1829 1212 1877 sensu
1245 1812 1389 1876 caruisse
1423 1809 1503 1892 dixi,
1536 1809 1623 1874 idem
1645 1811 1681 1874 in
1710 1810 1824 1875 litteris
1846 1816 1989 1896 apparet.

188 1900 272 1966 Nam
296 1921 338 1966 ex
361 1907 448 1966 tanta
469 1901 566 1967 turba
590 1901 791 1985 scriptorum,
814 1919 895 1984 quos
909 1901 1067 1985 politioris
1083 1899 1293 1965 humanitatis
1316 1906 1347 1964 et
1363 1898 1525 1964 doctrinae
1543 1898 1746 1983 elegantioris
1762 1919 1828 1964 non
1844 1908 1991 1985 expertes

188 1990 288 2055 fuisse
323 1995 455 2074 constat,
489 1991 598 2056 nescio
632 2009 673 2054 an
707 2008 802 2054 nemo
835 2009 944 2054 veram
976 2009 1014 2053 ac
1036 2008 1157 2054 meram
1180 1993 1282 2053 artem
1303 1987 1508 2054 intellexerit.
1555 1986 1687 2053 Frustra
1708 1989 1791 2053 raris
1813 1988 1879 2053 illis
1901 1989 1988 2072 locis,

190 2079 310 2163 quibus
333 2085 541 2145 monumenta
564 2084 631 2144 arte
653 2078 792 2164 perlecta
815 2085 1002 2159 tractantur,
1027 2098 1099 2143 eam
1123 2077 1367 2143 admirationem
1391 2082 1488 2160 atque
1512 2078 1605 2160 quasi
1619 2077 1779 2143 fervorem
1796 2079 1990 2161 quaerimus,

190 2170 248 2252 qui
271 2170 396 2234 animos
431 2169 644 2253 spectantium
667 2166 906 2250 magnificentia
928 2174 961 2232 et
983 2167 1137 2250 dignitate
1159 2185 1292 2251 eperum
1307 2173 1488 2232 commotos
1511 2170 1566 2230 aut
1588 2166 1753 2250 perculsos
1775 2186 1846 2233 esse
1868 2167 1988 2233 doceat

188 2260 238 2320 Ac
272 2259 300 2321 si
335 2259 407 2342 quis
439 2263 549 2323 contm
582 2257 709 2337 dixerit,
742 2256 940 2321 intellexisse
973 2261 1006 2321 et
1039 2256 1177 2321 sensisse
1199 2253 1372 2337 Romanos,
1406 2259 1525 2339 quanta
1558 2257 1747 2320 auctoritate
1773 2255 1812 2320 ad
1836 2257 1936 2321 vitam
1959 2268 1990 2323 et

188 2346 312 2410 cultum
346 2353 453 2412 essent
485 2354 579 2429 anes,
613 2365 686 2410 cum
709 2346 873 2430 ingentem
897 2364 1029 2430 operum
1053 2350 1121 2410 arte
1142 2344 1300 2409 iacturum
1324 2364 1496 2411 numerum
1518 2342 1655 2409 Romam
1677 2350 1937 2429 transportarent,
1960 2347 1991 2411 ei

188 2435 448 2519 respondendum
471 2441 528 2518 est,
550 2452 593 2500 ex
615 2452 751 2499 numero
776 2433 983 2499 artificiorum
1014 2440 1071 2499 aut
1105 2451 1147 2498 ex
1181 2436 1400 2499 monumentis
1433 2433 1623 2519 politissima
1655 2439 1722 2499 arte
1756 2436 1878 2500 ornatis
1908 2433 1991 2500 effici

189 2526 326 2608 cogique
347 2542 413 2588 non
436 2543 529 2607 posse
555 2544 628 2588 vera
651 2528 718 2587 arte
740 2522 882 2587 imbutos
904 2522 1005 2588 fuisse
1027 2524 1151 2587 animos
1173 2520 1407 2589 Romanorum:
1432 2542 1505 2587 nam
1531 2524 1682 2607 quamvis
1704 2522 1849 2589 aedificia
1867 2528 1899 2589 et
1921 2544 1988 2589 mo·

189 2618 342 2677 numenta
379 2612 510 2696 publica
549 2630 664 2676 ornare
706 2607 901 2693 studuerint,
942 2613 1091 2695 quamvis
1128 2630 1224 2695 opera
1262 2617 1370 2677 vetera
1406 2611 1540 2677 Romam
1579 2611 1806 2696 congesserint,
1840 2615 1989 2697 quamvis

189 2702 343 2784 pretiosas
377 2720 429 2765 res
463 2702 498 2766 iu
532 2701 617 2766 villis
651 2698 849 2784 aedibusque
882 2702 1109 2781 coacervarint,
1145 2701 1251 2766 omnia
1286 2701 1342 2765 illa
1377 2702 1484 2766 studia
1519 2720 1561 2765 ex
1594 2702 1729 2766 immani
1757 2706 1789 2766 et
1811 2702 1989 2768 inhumana

188 2791 319 2854 luxuria
342 2786 483 2874 profecta
506 2797 591 2872 sunt,
615 2809 679 2873 qua
701 2788 787 2853 orbis
811 2795 969 2854 terrarum
986 2786 1109 2855 domini
1125 2791 1175 2855 usi
1191 2790 1291 2855 vitam
1306 2789 1555 2874 splendidiorem
1579 2796 1611 2857 et
1626 2790 1841 2856 delicatiorem
1855 2791 1988 2858 reddere

188 2878 252 2942 sibi
275 2885 435 2963 cuperent

347 2967 455 3032 Nihilo
485 2969 593 3031 miuus
615 2965 833 3031 Romanorum
866 2968 901 3031 iu
936 2972 1036 3033 artem
1070 2968 1184 3032 merita
1206 2973 1295 3033 tanta
1317 2973 1402 3050 suut,
1437 2974 1474 3032 ut
1496 2987 1556 3032 nos
1580 2968 1720 3052 quidem,
1743 2989 1881 3053 quorum
1905 2974 1988 3035 artes

188 3075 321 3138 prorsus
343 3058 377 3119 in
401 3064 548 3121 veterum
570 3055 748 3121 rationibus
771 3057 893 3139 positae
916 3056 1076 3138 videntur,
1107 3056 1215 3122 studio
1238 3058 1287 3122 1111
1309 3058 1514 3141 potissimum
1537 3057 1709 3140 colligendi
1731 3066 1763 3123 et
1786 3059 1988 3142 congerendi,

188 3163 270 3225 quas
293 3144 449 3209 habemus
471 3146 591 3210 veteris
613 3146 691 3209 artis
713 3146 876 3228 reliquias,
911 3144 1027 3211 debere
1062 3148 1218 3213 dicamus.
1263 3145 1381 3211 Tamen
1414 3146 1474 3210 hoc
1496 3166 1557 3211 suo
1580 3147 1651 3212 iure
1675 3146 1737 3211 dici
1759 3153 1874 3231 potest,
1895 3150 1923 3212 si
1946 3167 1987 3212 ex

188 3237 334 3297 veterum
357 3235 485 3317 scriptis
509 3252 591 3316 quae
614 3239 745 3298 exstant
767 3233 843 3301 solis
865 3234 906 3299 ds
928 3235 1006 3300 artis
1028 3234 1265 3320 magnificentia
1288 3234 1498 3300 iudicandum
1521 3241 1614 3317 esset,
1648 3254 1689 3301 ne
1712 3237 1894 3320 suspicione
1918 3239 1987 3321 qui·

188 3321 261 3385 dem
284 3341 344 3387 nos
365 3323 584 3387 intellecturos
607 3341 686 3402 esse,
718 3328 839 3406 quanta
873 3322 1018 3388 ubertate
1040 3331 1073 3389 et
1095 3324 1248 3407 dignitate
1271 3324 1367 3389 etiam
1390 3328 1458 3389 tum
1481 3324 1602 3390 fuerint
1623 3333 1717 3409 artes,
1750 3330 1806 3390 aut
1829 3334 1986 3410 quantum

187 3410 385 3476 desiderium
409 3413 487 3476 artis
510 3417 541 3476 et
564 3412 709 3476 studium
732 3413 879 3476 omnium
902 3413 1052 3477 ordinum
1075 3413 1220 3479 homines
1242 3414 1392 3480 tenuerit.

348 3499 442 3576 Quod
464 3519 541 3565 vero
564 3501 709 3565 universi
730 3501 922 3585 scriptorum
943 3503 1071 3585 generis
1092 3504 1258 3587 proprium
1282 3507 1338 3578 est
1362 3503 1457 3568 etiam
1473 3503 1558 3587 apud
1579 3508 1689 3588 poetas
1704 3507 1831 3569 nostros
1847 3510 1986 3589 apparet.

186 3587 350 3653 Iuvenalis
373 3589 504 3672 quidem
527 3591 755 3675 praestantiam
780 3609 912 3674 operum
937 3589 1130 3657 Graecorum
1155 3591 1233 3657 adeo
1256 3610 1322 3656 nou
1346 3593 1452 3672 sentit,
1483 3597 1520 3657 ut
1542 3593 1668 3677 pristini
1690 3593 1841 3676 temporis
1864 3594 1986 3677 simpli-

187 3678 314 3741 citatem
338 3677 457 3756 laudet,
491 3699 565 3743 cum
589 3680 680 3744 miles
703 3677 868 3743 Romanus
903 3680 995 3745 rudis
1029 3686 1060 3746 et
1092 3686 1176 3745 artes
1208 3679 1345 3745 Graecas
1379 3682 1488 3745 mirari
1523 3683 1652 3746 nescius
1686 3682 1800 3765 pocula
1835 3690 1986 3766 argentea

186 3765 345 3830 artificum
370 3767 545 3831 illustrium
568 3767 742 3850 frangebat,
767 3775 801 3831 ut
824 3769 969 3851 phaleras
993 3775 1024 3834 et
1046 3789 1153 3834 casses
1177 3768 1332 3857 laceret.4)
1378 3769 1535 3853 Quodque
1558 3770 1714 3835 Martialis
1747 3770 1986 3854 pulchritudine

187 3858 311 3919 statuae
335 3856 504 3920 cuiusdam
527 3856 606 3920 adeo
630 3858 788 3921 excitatus
811 3858 949 3942 videtur,
972 3865 1007 3922 ut
1029 3858 1182 3923 Phidiaco
1205 3860 1293 3924 caelo
1317 3879 1386 3924 eum
1410 3856 1581 3924 formatam
1606 3861 1702 3943 dicat,
1734 3859 1884 3925 omnibus
1918 3860 1985 3925 lau·

187 3941 282 4008 dibus
305 3964 408 4008 uuum
431 3945 491 4008 hoc
515 3951 644 4028 spectat,
668 3952 705 4010 ut
726 3945 828 4011 Iuliae
850 3945 936 4011 filiae
958 3946 1019 4012 liti
1042 3946 1264 4034 blandiatur.⁵)

344 4032 483 4097 Nomina
507 4033 638 4116 quidem
660 4035 833 4098 illustrium
857 4035 1016 4099 artificum
1041 4036 1236 4101 Graecorum
1259 4039 1303 4100 ita
1326 4057 1392 4101 non
1416 4038 1542 4113 desunt,
1565 4043 1601 4101 ut
1623 4039 1730 4121 potius
1747 4040 1857 4120 quaeri
1875 4041 1985 4122 possit,

185 4121 279 4185 cuius
302 4141 420 4186 nomen
444 4142 508 4187 non
532 4127 808 4188 commemoretur.
861 4123 1042 4187 Occurrunt
1065 4126 1150 4189 enim
1178 4125 1360 4208 legentibus
1384 4121 1551 4208 Phidiaci)
1581 4125 1797 4202 Praxiteles,⁷l
1834 4127 1986 4211 Myrou,⁸)

185 4208 1259 4299 Scopas,9)Mentor,1⁰)fiuphranor,¹1)Polyclitus,12)Lysippus,¹³)
1282 4211 1406 4299 Myce)
1430 4213 1675 4302 Parrhasius,¹⁵)
1700 4214 1885 4302 Apelleslssl
1921 4216 1983 4292 Qui

184 4318 295 4363 omnes
318 4300 454 4364 artifices
474 4299 586 4365 Graeci
609 4306 665 4365 aut
687 4319 729 4365 ex
751 4301 806 4364 illa
828 4306 930 4366 aetate
954 4310 1039 4383 suut,
1073 4322 1150 4368 cum
1172 4308 1256 4367 artes
1291 4304 1323 4365 iu
1350 4302 1483 4368 Graecia
1505 4307 1645 4369 maxime
1667 4304 1832 4388 florebant,
1865 4312 1983 4370 auter

184 4388 384 4471 temporibus
407 4408 629 4453 successorum
653 4388 846 4474 Alexandr13
870 4392 924 4455 sed
949 4394 1133 4456 recentioris
1157 4393 1268 4456 aetatis
1292 4397 1349 4456 aut
1371 4392 1502 4457 artificis
1524 4392 1663 4458 Romani
1687 4413 1804 4459 nomen
1821 4396 1985 4458 invenitur

184 4477 323 4541 nullum.
371 4475 459 4553 Quae
478 4497 529 4543 res
545 4478 679 4562 probare
700 4479 828 4543 videtur
844 4482 983 4564 primum
1001 4486 1101 4545 artem
1118 4486 1150 4544 et
1165 4486 1285 4546 statuas
1301 4481 1443 4566 fingendi
1461 4490 1492 4547 et
1507 4484 1660 4568 pingendi
1676 4482 1796 4549 Romae
1814 4487 1984 4568 praecipue

183 4565 357 4631 aGraecis
380 4567 500 4631 cultam
523 4587 605 4650 esse,
636 4572 705 4631 tum
738 4566 900 4633 Romanos
934 4588 999 4632 nou
1034 4572 1143 4654 magui
1166 4573 1351 4637 aestimasse
1374 4571 1506 4637 artificia
1530 4575 1593 4638 nisi
1617 4592 1699 4657 quae
1722 4573 1855 4656 antiqua
1878 4579 1985 4640 essent

197 4863 227 4919 X
344 4797 370 4866 1)
390 4795 656 4854 investierat
702 4796 730 4860 2)
748 4795 808 4851 Ver
830 4796 984 4856 .t.35.87.
1020 4797 1268 4864 apricantur.
1304 4796 1477 4922 4in,100.
1513 4796 1660 4866 5)V1,13.
1697 4798 1982 4870 elidant,111,3o.1.

179 4864 1983 5016 {112tal-125>sufflabilisaflitillet}illicebrae.ofitus?tralatu:

1774 5088 1789 5141 7

1013 5155 1153 5209 -49..
