4344 5746
181 347 223 410 10
571 338 699 406 Persius,
718 337 876 408 Martialis,
894 335 1045 396 Iuvenalis
1063 355 1121 412 quo
1138 335 1224 397 modo
1242 336 1278 394 de
1297 336 1420 395 Graecis
1437 335 1578 399 iudicent.

179 560 293 642 iniqua
321 562 353 623 st
379 559 497 623 misera
525 560 601 622 erat
647 555 850 639 Quamquam
878 574 990 620 omnes
1016 559 1115 619 artem
1144 555 1335 620 rhetoricam
1364 555 1486 623 discere
1512 555 1657 639 cupiunt,
1690 573 1785 623 nemo
1819 556 1988 643 magistris

181 649 299 712 iustam
322 653 353 712 61
375 646 515 712 debitam
538 645 657 710 laboris
680 645 897 710 molestissimi
920 644 1099 709 mercedem
1121 643 1246 710 solvere
1268 644 1376 731 vultl)
1420 644 1574 710 Martialis
1601 644 1713 728 amico,
1741 648 1799 730 qui
1828 647 1990 714 sollicitus

182 737 315 820 quaerit,
340 737 393 800 cui
422 737 574 820 magistro
602 734 705 799 filium
733 753 831 799 suum
863 734 977 814 tradat,
1004 733 1127 813 suadet,
1159 738 1195 797 ut
1229 753 1342 800 omnes
1373 735 1598 818 grammaticos
1631 734 1843 820 rhetorasque
1873 736 1988 802 evitet:

181 844 257 889 cum
280 830 365 890 artes
388 825 577 910 pecuniosas
600 824 724 889 discere
746 823 833 905 velit,
855 823 1073 887 citharoedum
1096 825 1153 886 aut
1176 823 1359 888 choraulam
1381 822 1452 888 fieri
1476 827 1630 908 oportere,
1650 823 1703 888 vel
1727 827 1756 891 si
1772 823 1848 891 duri
1864 824 1992 910 ingenii

180 933 261 998 puer
284 915 439 997 rideatur,
451 931 642 998 praeconem
665 917 758 996 pater
781 931 856 977 eum
878 911 975 976 iaciat
989 915 1045 977 aut
1059 910 1307 998 architectona)
1346 912 1437 978 Idem
1454 914 1609 996 queritur,
1624 914 1711 995 quod
1732 915 1826 981 stulti
1839 919 1992 1000 pareres

182 1004 234 1068 sui
261 1002 384 1068 litteras
412 1022 447 1068 se
480 1003 659 1068 docuerint:
696 1000 776 1085 quid
805 1000 868 1066 sihi
895 1020 969 1066 curn
996 1001 1212 1085 grammaticis
1239 1002 1487 1086 rhetoribusque
1513 1021 1592 1084 esse,
1614 1021 1690 1067 cum
1717 1009 1808 1070 sutor
1835 1002 1991 1070 dentibus

183 1093 334 1175 antiquas
356 1091 458 1175 pelles
480 1092 656 1177 producere
679 1091 794 1155 solitus
819 1091 861 1156 sit
883 1090 983 1172 dives,
1006 1092 1074 1173 ipss
1095 1094 1189 1173 poeta
1209 1088 1470 1175 pauperrimus,³)
1494 1109 1634 1175 cumque
1656 1093 1685 1156 is
1709 1095 1766 1176 qui
1788 1098 1905 1160 tonsor
1926 1097 1993 1157 tota

183 1180 264 1246 urbe
286 1182 474 1246 notissimus
497 1181 605 1263 fuerit,
630 1181 779 1246 dominae
801 1198 935 1244 munere
958 1198 1057 1263 eques
1069 1179 1112 1244 sit
1127 1177 1241 1262 166166,
1258 1200 1455 1266 quamquam
1467 1200 1531 1246 non
1547 1181 1665 1260 rhetor,
1677 1201 1744 1247 non
1758 1183 1992 1268 grammaticus

184 1274 241 1335 aut
263 1270 333 1336 ludi
355 1271 509 1353 magister
530 1288 602 1337 esse
612 1265 754 1355 possit4)
791 1268 906 1352 ltaque
928 1288 993 1333 non
1016 1287 1088 1334 raro
1110 1269 1263 1353 rhetores,
1296 1289 1370 1335 cum
1393 1271 1478 1336 ritae
1504 1272 1640 1336 miserae
1667 1277 1699 1336 61
1726 1271 1916 1338 umbratilis
1938 1290 1992 1336 eos

184 1358 318 1443 taedeat,
349 1378 369 1424 a
392 1359 502 1425 schola
523 1359 566 1424 ad
587 1358 694 1424 forum
717 1362 887 1424 transeunt
910 1362 941 1423 et
961 1358 1088 1442 patroni
1110 1376 1279 1424 cansarum
1303 1359 1395 1441 liunt,
1424 1379 1564 1444 quorum
1587 1377 1639 1423 ars
1661 1365 1695 1424 et
1718 1363 1828 1426 minus
1851 1361 1992 1426 molesta

183 1454 216 1514 et
235 1449 449 1532 quaesticsior
471 1444 560 1535 est.⁵)
594 1446 681 1524 cuis
703 1448 789 1514 enim
812 1446 972 1514 rhetorem
996 1446 1154 1514 delectare
1177 1453 1290 1532 potest,
1309 1468 1384 1513 cum
1396 1467 1437 1514 66
1452 1449 1512 1513 hoc
1527 1448 1659 1532 quidem
1675 1450 1782 1515 solatii
1798 1450 1862 1516 sibi
1878 1468 1992 1534 parare

182 1539 293 1623 possit,
320 1542 356 1602 ut
378 1537 528 1622 discipuli
549 1538 585 1601 in
614 1537 729 1602 litteris
757 1536 882 1620 aliquid
903 1536 1082 1622 proficiant,
1109 1538 1197 1620 quod
1224 1538 1288 1620 alii,
1315 1538 1373 1620 qui
1395 1538 1588 1621 patrimonio
1617 1558 1635 1602 a
1659 1538 1837 1604 maioribus
1858 1542 1992 1623 accepto

183 1632 332 1705 utuntur,
347 1627 453 1692 securi
470 1625 682 1710 tranquillam
701 1626 799 1690 vitam
816 1632 918 1709 agunt
931 1644 1038 1708 neque
1061 1625 1238 1709 quidquam
1262 1626 1400 1691 ultanus
1422 1632 1587 1710 appetunt,
1609 1627 1664 1691 alii
1678 1631 1805 1711 generis
1820 1627 1993 1693 nobilitate

182 1717 256 1781 freti
278 1714 419 1796 stolati,
444 1714 702 1780 omnestudium
724 1713 840 1779 inutile
863 1713 983 1780 habent
1005 1732 1112 1797 neque
1134 1714 1176 1778 ad
1198 1734 1232 1779 se
1255 1716 1415 1799 pertinere
1436 1722 1550 1800 putant
1565 1714 1589 1799 .)
1646 1716 1729 1781 Aliis
1752 1719 1899 1783 rhetores
1926 1722 1993 1781 tam

185 1805 288 1870 odiosi
307 1810 339 1869 et
360 1804 440 1869 lenti
455 1802 656 1886 videbantur,
671 1808 708 1867 ut
720 1801 872 1867 balneum
887 1803 1017 1870 fervens
1031 1803 1220 1887 refrigerare
1238 1802 1404 1888 66666617).
1462 1802 1611 1868 ceterum
1627 1805 1778 1870 omnibus
1789 1803 1994 1891 temporibus

187 1913 251 1958 non
276 1892 450 1958 defuerunt
473 1893 539 1976 qui,
562 1894 589 1957 sl
613 1891 762 1976 discipuli
785 1892 872 1956 haud
894 1893 1032 1957 multum
1056 1891 1246 1977 proficerent
1268 1894 1302 1957 in
1326 1893 1449 1972 litteris,
1472 1912 1601 1958 omnem
1626 1895 1697 1958 eius
1726 1897 1776 1959 rei
1804 1895 1938 1979 culpam
1962 1897 1995 1958 16

186 1989 410 2066 praeceptores
433 1981 613 2046 conferrent
635 1983 838 2046 immemores
861 1982 947 2046 viros
971 1981 1078 2047 doctos
1102 2001 1167 2046 non
1190 2001 1283 2066 posse
1310 1981 1391 2064 fingi
1419 1987 1451 2046 et
1478 1982 1609 2047 formari
1631 2001 1674 2046 ex
1696 1982 1874 2048 iuvenibus
1898 1979 1998 2048 l'sca·

185 2071 526 2136 11616116616161116
551 2069 690 2153 „quihus
719 2069 922 2153 laevaparte
946 2071 1105 2135 mamillae
1122 2070 1169 2135 nil
1192 2069 1321 2156 salitas)
1355 2071 1589 2138 Nihilominus
1609 2071 1771 2137 rhetorum
1796 2072 1927 2138 scholae
1944 2091 1999 2156 per

187 2165 291 2225 totum
309 2161 480 2244 imperium
498 2157 682 2223 Romanum
700 2159 966 2241 instituebantur,
988 2161 1090 2223 veluti
1113 2161 1288 2224 certamina
1315 2161 1480 2224 rhetorum
1504 2160 1701 2226 Graecorum
1728 2161 1882 2246 Lugduni
1914 2161 1998 2225 facta

187 2246 310 2334 sunt39)
338 2250 455 2328 „etiam
477 2246 580 2312 Thule
602 2249 667 2312 iam
691 2247 730 2312 de
759 2247 968 2311 conducendo
990 2249 1116 2312 rhetore
1138 2246 1355 2334 loquitur.“¹0)

350 2337 415 2402 Res
438 2338 509 2420 ipsa
530 2337 648 2401 hortari
673 2335 812 2416 videtur,
846 2341 882 2400 61
914 2337 1075 2418 copiosius
1108 2336 1147 2401 de
1178 2339 1328 2401 universa
1351 2337 1543 2404 educatione
1565 2337 1711 2404 Romana
1733 2340 1854 2425 dicam;
1890 2345 1997 2406 166666

188 2446 229 2491 66
251 2426 380 2510 longius
403 2425 442 2492 ab
466 2445 503 2491 eo
528 2426 615 2509 quod
650 2426 850 2509 propositum
881 2429 939 2505 est,
974 2425 1128 2507 aberrem,
1162 2445 1205 2490 ex
1238 2425 1403 2492 Iuvenalis
1437 2429 1533 2491 satira
1567 2428 1839 2512 decimaquarta,
1873 2430 1997 2512 inqua

190 2515 396 2580 acerbissime
419 2519 568 2600 parentes
591 2519 732 2596 accusat,
755 2512 843 2598 quod
865 2515 1023 2598 exemplis
1046 2519 1081 2579 et
1103 2516 1279 2599 praeceptis
1302 2515 1422 2581 liberos
1445 2517 1485 2580 ad
1508 2535 1568 2581 sua
1592 2518 1671 2582 vitia
1685 2524 1718 2581 et
1732 2520 1765 2581 in
1790 2537 1868 2583 suos
1892 2538 1997 2584 morm

189 2625 304 2689 pravos
324 2605 473 2686 forment,
497 2604 548 2668 his
570 2602 720 2668 versibus
742 2603 918 2685 absolvam,
942 2623 1080 2687 quorum
1103 2623 1188 2668 nova
1205 2609 1315 2670 nostra
1337 2610 1439 2670 aetate
1455 2605 1656 2671 admonitum
1675 2607 1784 2683 velim,
1808 2608 1997 2691 quicunque

189 2703 308 2758 temere
331 2693 458 2758 scholae
482 2693 560 2757 vitio
584 2693 649 2775 dat,
681 2711 763 2775 quae
787 2691 873 2756 domi
896 2697 1079 2776 peccantur,
1110 2695 1282 2759 immemor
1312 2694 1476 2759 mentibus
1506 2713 1544 2759 66
1567 2697 1708 2760 maxime
1731 2695 1832 2759 infixa
1855 2696 1995 2779 haerere,

191 2802 274 2866 quae
298 2781 338 2846 ab
363 2784 496 2847 ineunte
519 2786 621 2848 aetate
644 2785 676 2845 et
699 2780 928 2865 aparentibus
951 2782 1131 2848 discuntur:

668 2870 715 2933 nil
738 2871 827 2934 dictu
848 2870 979 2936 foedum
1002 2873 1142 2955 visuque
1165 2872 1244 2936 haec
1258 2871 1371 2937 limina
1389 2877 1509 2957 tangat,

667 2959 753 3023 intra
776 2977 859 3042 qnae
880 2979 961 3042 puer
983 2966 1031 3025 661
1032 3007 1264 3028 ......

667 3049 809 3112 maximo
833 3046 966 3113 debetur
988 3069 1088 3132 puero
1112 3051 1299 3127 reverentia,
1322 3051 1350 3115 si
1373 3051 1451 3134 quid

667 3142 761 3221 turpe
785 3155 888 3221 paras,
909 3157 970 3202 nec
990 3142 1026 3202 16
1045 3140 1139 3222 pueri
1158 3141 1389 3223 contempseris
1404 3159 1517 3224 annos,

233 3298 238 3306 ,
664 3225 720 3291 sed
744 3231 914 3310 peccaturo
937 3226 1042 3292 obstet
1064 3227 1122 3292 tibi
1143 3228 1231 3294 tilius
1252 3228 1369 3292 intans.

351 3315 511 3392 Quoniam
536 3313 576 3378 de
599 3315 697 3379 variis
717 3313 898 3399 disciplinis
926 3314 1004 3398 dixi,
1037 3317 1158 3400 quibus
1191 3320 1283 3401 pueri
1306 3339 1326 3383 a
1348 3318 1507 3401 magistris
1531 3316 1662 3383 Graecis
1694 3318 1734 3382 ad
1762 3317 1993 3385 humanitatem

192 3404 459 3483 informabantur,
482 3402 522 3466 ad
544 3402 685 3486 reliquas
708 3405 793 3468 vitae
816 3405 1014 3470 conditiones
1036 3407 1215 3489 redeamus,
1239 3405 1358 3489 quibus
1374 3406 1489 3472 Graeci
1511 3408 1546 3471 in
1569 3407 1650 3472 urbo
1665 3405 1767 3472 Roma
1789 3409 1993 3491 potissimum

192 3495 376 3561 utebantur.
424 3491 515 3568 Quae
548 3510 625 3556 vero
658 3493 746 3556 varia
779 3511 898 3576 genera
921 3493 1114 3561 Graecorum
1138 3495 1273 3560 Romam
1306 3497 1562 3576 immigrantium
1582 3496 1748 3561 Iuvenalis
1781 3498 1994 3580 supradixit,

193 3583 320 3648 duobus
344 3583 502 3666 capitibus
524 3582 570 3645 ita
592 3582 818 3664 comprehendi
840 3588 985 3666 possunt,
1017 3589 1054 3649 ut
1075 3587 1215 3667 primum
1240 3583 1279 3648 de
1301 3584 1491 3667 artificibus,
1513 3584 1629 3650 deinde
1652 3586 1691 3650 de
1715 3585 1846 3650 medicis
1871 3593 1993 3671 agatur,

103 3682 106 3686 ’
193 3691 343 3756 quaeque
366 3677 451 3737 artes
474 3671 663 3753 cognatione
687 3671 826 3754 quadam
849 3690 924 3736 cum
948 3672 997 3737 his
1021 3674 1146 3738 duabus
1170 3676 1247 3737 sunt
1269 3675 1468 3738 coniunctae.

350 3762 401 3823 Ac
432 3761 572 3843 primum
607 3758 739 3842 quidem
766 3762 1037 3843 praemonendum
1073 3781 1144 3826 esse
1177 3760 1314 3844 ridetur,
1349 3769 1507 3845 quantum
1538 3761 1675 3828 Romani
1707 3783 1725 3826 6
1759 3762 1893 3829 Graecis
1927 3771 1994 3830 arte

191 3848 390 3915 aestimanda
425 3847 580 3912 differant.
630 3848 731 3932 Apud
765 3847 902 3913 Graecos
937 3853 1053 3934 omnia,
1087 3870 1170 3935 quae
1205 3870 1302 3916 manu
1335 3850 1419 3916 fiunt
1450 3857 1546 3935 61666
1574 3871 1686 3916 eorum
1720 3852 1815 3917 etiam
1850 3858 1994 3919 contem·

191 3939 347 4022 piissima,
371 3941 456 4000 artes
479 3932 620 4019 (τέχναι.)
641 3935 856 4019 1616166166;
880 3937 1017 4004 Romani
1040 3959 1151 4006 omnes
1174 3944 1268 4019 artes,
1290 3959 1376 4023 quae
1404 3960 1504 4006 manu
1526 3946 1676 4006 constant
1698 3945 1794 4024 atque
1827 3942 1870 4007 ad
1893 3945 1991 4008 vitam

193 4027 373 4092 ornandam
395 4025 564 4109 pertinent,
589 4030 759 4108 quaestum
780 4031 1008 4111 negotiumque
1040 4047 1111 4095 esse
1139 4028 1290 4094 volebant
1312 4028 1477 4094 sordidum
1500 4035 1532 4095 et
1554 4031 1623 4094 viro
1645 4031 1790 4114 ingenuo
1812 4030 1992 4117 indignum.

192 4116 309 4199 ltaque
332 4111 495 4197 Senecall)
518 4115 551 4176 in
574 4134 747 4181 numerum
770 4115 951 4181 liberalium
975 4120 1092 4184 artium
1114 4120 1252 4202 pictores
1285 4137 1349 4182 non
1373 4121 1495 4202 recipit,
1526 4138 1591 4183 non
1626 4121 1729 4203 magis
1752 4139 1848 4204 quam
1874 4127 1993 4188 statua·

192 4206 257 4269 rios
281 4208 338 4267 aut
361 4204 587 4268 marmorarios
610 4214 666 4269 aut
689 4210 812 4270 ceteros
834 4207 988 4271 luxuriae
1010 4210 1188 4288 ministros;
1216 4213 1313 4290 atque
1339 4207 1517 4290 Vitruvius,
1545 4209 1601 4292 qui
1624 4208 1756 4274 artificis
1777 4211 1912 4276 nomine
1936 4232 1992 4278 suo

192 4296 263 4359 iure
286 4293 416 4377 gloriari
438 4297 546 4357 nostra
569 4294 700 4375 quidem
723 4297 881 4360 sententia
903 4297 1014 4379 potuit,
1047 4298 1173 4362 nullum
1208 4296 1299 4360 aliud
1329 4297 1499 4361 discrimen
1529 4299 1614 4362 inter
1636 4303 1735 4363 artem
1759 4301 1920 4367 sutrinam
1943 4301 1992 4366 rel

192 4383 378 4447 fullonicam
402 4382 454 4446 vel
477 4382 722 4446 architecturam
745 4388 860 4462 servat,
890 4386 955 4448 nisi
988 4386 1073 4468 quod
1097 4386 1180 4449 hanc
1203 4383 1413 4449 difficiliorem
1436 4402 1506 4451 esse
1527 4384 1669 4471 putat12)
1713 4385 1890 4462 Quaerenti
1913 4410 1993 4475 quo·

193 4473 287 4537 modo
311 4471 432 4536 lactum
456 4471 507 4551 sit,
539 4477 575 4534 61
606 4475 638 4534 61
668 4476 752 4535 artes
786 4477 817 4535 et
849 4471 985 4537 artifices
1015 4476 1051 4538 in
1073 4474 1292 4540 diversissima
1319 4474 1501 4539 conditione
1524 4475 1611 4558 apud
1634 4481 1805 4559 utramque
1827 4480 1994 4546 nationem

193 4560 433 4642 collocarentur,
456 4559 538 4623 hanc
562 4578 662 4623 unam
684 4578 816 4624 causam
840 4562 917 4625 satis
946 4562 1073 4627 videtur
1100 4564 1221 4643 afferre,
1250 4563 1336 4646 quod
1367 4564 1402 4627 in
1426 4563 1560 4629 Graecia
1582 4582 1602 4629 a
1624 4563 1757 4631 deorum
1787 4565 1881 4631 cultu
1911 4575 1995 4635 artes

192 4645 353 4733 profectae
386 4653 471 4731 sunt,
507 4649 542 4712 in
576 4647 671 4712 Italia
699 4648 779 4712 nihil
813 4648 854 4713 ad
889 4669 979 4715 sacra
1011 4658 1066 4717 aut
1097 4653 1268 4737 religiones
1302 4653 1414 4736 primis
1445 4653 1576 4736 quidem
1600 4654 1736 4718 saeculis
1758 4656 1996 4738 pertinuerunt.

193 4738 307 4804 Postea
332 4758 408 4802 vero
433 4757 530 4822 quam
553 4738 726 4803 simulacra
749 4742 847 4822 atque
870 4738 993 4805 formae
1023 4741 1155 4806 deorum
1186 4739 1382 4805 Graecorum
1411 4742 1445 4805 in
1478 4762 1576 4806 usum
1598 4741 1781 4808 Romanum
1815 4746 1998 4813 introducta

354 4945 610 5019 1)Iuv.V11.157.
637 4951 665 5023 6)
683 4948 772 5010 uara.
791 4948 879 5015 666.
907 4951 935 5021 6)
953 4950 992 5006 rx
1012 4952 1054 5011 (6,
1081 4950 1109 5019 4)
1127 4950 1250 5023 16664,
1276 4952 1303 5022 6)
1323 4949 1544 5021 66666166.
1575 4952 1602 5021 6)
1617 4951 1698 5014 aaa,
1716 4951 1767 5024 111,
1780 4954 1823 5014 24,
1865 4955 1892 5027 r)
1911 4954 2000 5016 666.

194 5019 249 5090 111,
268 5020 310 5078 as.
348 5020 374 5091 6)
396 5018 457 5080 nv.
494 5020 560 5088 vn,
579 5025 639 5078 reo.
677 5022 704 5091 6)
724 5021 786 5078 rav.
806 5021 828 5089 1,
847 5022 891 5083 44,
929 5024 972 5093 ro)
992 4992 1056 5083 lav.
1092 5022 1157 5090 xv,
1178 5025 1236 5084 ne,
1273 5024 1317 5093 11)
1337 5042 1381 5096 ep.
1399 5027 1486 5092 aare.
1532 5025 1575 5092 ra)
1594 5026 1611 5078 6
1629 5042 1672 5096 pr.
1692 5025 1716 5078 r.

1026 5233 1165 5291 ,48-
