<?xml version="1.0" encoding="UTF-8"?>
<!DOCTYPE html PUBLIC "-//W3C//DTD XHTML 1.0 Transitional//EN"
    "http://www.w3.org/TR/xhtml1/DTD/xhtml1-transitional.dtd">
<html xmlns="http://www.w3.org/1999/xhtml" xml:lang="en" lang="en">
 <head>
  <title>
</title>
<meta http-equiv="Content-Type" content="text/html;charset=utf-8" />
  <meta name='ocr-system' content='tesseract 3.04.00' />
  <meta name='ocr-capabilities' content='ocr_page ocr_carea ocr_par ocr_line ocrx_word'/>
</head>
<body>
  <div class='ocr_page' id='page_1' title='image "./persiusmartiali00bodegoog_0015.png"; bbox 0 0 4344 5746; ppageno 0'>
   <div class='ocr_carea' id='block_1_1' title="bbox 186 338 1596 415">
    <p class='ocr_par' dir='ltr' id='par_1_1' title="bbox 186 338 1596 415">
     <span class='ocr_line' id='line_1_1' title="bbox 186 338 1596 415; baseline 0.003 -19"><span class='ocrx_word' id='word_1_1' title='bbox 186 345 206 414; x_wconf 76' lang='lat'><strong>3</strong></span> <span class='ocrx_word' id='word_1_2' title='bbox 591 339 718 408; x_wconf 87' lang='lat' dir='ltr'><strong>Persius,</strong></span> <span class='ocrx_word' id='word_1_3' title='bbox 735 339 893 409; x_wconf 70' lang='lat' dir='ltr'><strong>Martialis,</strong></span> <span class='ocrx_word' id='word_1_4' title='bbox 911 339 1063 400; x_wconf 81' lang='lat' dir='ltr'><strong>Iuvenalis</strong></span> <span class='ocrx_word' id='word_1_5' title='bbox 1080 356 1137 415; x_wconf 84' lang='lat' dir='ltr'><strong>quo</strong></span> <span class='ocrx_word' id='word_1_6' title='bbox 1154 338 1242 398; x_wconf 90' lang='lat' dir='ltr'><strong>modo</strong></span> <span class='ocrx_word' id='word_1_7' title='bbox 1261 339 1298 400; x_wconf 87' lang='lat' dir='ltr'><strong>de</strong></span> <span class='ocrx_word' id='word_1_8' title='bbox 1316 340 1440 399; x_wconf 83' lang='lat' dir='ltr'><strong>Graecis</strong></span> <span class='ocrx_word' id='word_1_9' title='bbox 1456 340 1596 401; x_wconf 87' lang='lat' dir='ltr'><strong>iudicant.</strong></span> 
     </span>
    </p>
   </div>
   <div class='ocr_carea' id='block_1_2' title="bbox 139 554 1993 4562">
    <p class='ocr_par' dir='ltr' id='par_1_2' title="bbox 139 554 1993 2425">
     <span class='ocr_line' id='line_1_2' title="bbox 185 554 1993 647; baseline 0.002 -22"><span class='ocrx_word' id='word_1_10' title='bbox 185 559 343 625; x_wconf 71' lang='lat' dir='ltr'><strong>Martialis</strong></span> <span class='ocrx_word' id='word_1_11' title='bbox 366 559 502 624; x_wconf 88' lang='lat' dir='ltr'><strong>dicatur.</strong></span> <span class='ocrx_word' id='word_1_12' title='bbox 558 557 712 624; x_wconf 84' lang='lat' dir='ltr'><strong>Similiter</strong></span> <span class='ocrx_word' id='word_1_13' title='bbox 742 577 856 625; x_wconf 80' lang='lat' dir='ltr'><strong>versus</strong></span> <span class='ocrx_word' id='word_1_14' title='bbox 878 558 1042 624; x_wconf 79' lang='lat' dir='ltr'>Homerici</span> <span class='ocrx_word' id='word_1_15' title='bbox 1070 556 1220 644; x_wconf 73' lang='lat' dir='ltr'><strong>memorl)</strong></span> <span class='ocrx_word' id='word_1_16' title='bbox 1250 554 1380 647; x_wconf 76' lang='lat' dir='ltr'><strong>Xpdoco</strong></span> <span class='ocrx_word' id='word_1_17' title='bbox 1402 555 1561 642; x_wconf 80' lang='grc' dir='ltr'><strong><em>χαλκείων</em></strong></span> <span class='ocrx_word' id='word_1_18' title='bbox 1583 554 1773 646; x_wconf 79' lang='grc' dir='ltr'><em>ἑκατόμβοι’</em></span> <span class='ocrx_word' id='word_1_19' title='bbox 1796 557 1993 647; x_wconf 67' lang='grc' dir='ltr'><strong><em>ἐννεαβοίων</em></strong></span> 
     </span>
     <span class='ocr_line' id='line_1_3' title="bbox 185 642 1992 735; baseline 0.003 -22"><span class='ocrx_word' id='word_1_20' title='bbox 185 650 261 713; x_wconf 90' lang='lat' dir='ltr'><strong>dicit</strong></span> <span class='ocrx_word' id='word_1_21' title='bbox 305 642 458 731; x_wconf 79' lang='lat' dir='ltr'><strong>„Xoilaen</strong></span> <span class='ocrx_word' id='word_1_22' title='bbox 481 646 614 712; x_wconf 77' lang='lat' dir='ltr'><strong>donanti</strong></span> <span class='ocrx_word' id='word_1_23' title='bbox 636 642 753 734; x_wconf 78' lang='grc' dir='ltr'><strong><em>χρίοεο</em></strong></span> <span class='ocrx_word' id='word_1_24' title='bbox 776 650 832 733; x_wconf 89' lang='lat' dir='ltr'><strong>qui</strong></span> <span class='ocrx_word' id='word_1_25' title='bbox 856 646 1044 732; x_wconf 75' lang='lat' dir='ltr'><strong>dederas“.⁹)</strong></span> <span class='ocrx_word' id='word_1_26' title='bbox 1088 647 1195 725; x_wconf 90' lang='lat' dir='ltr'><strong>Quam</strong></span> <span class='ocrx_word' id='word_1_27' title='bbox 1222 648 1315 714; x_wconf 79' lang='lat' dir='ltr'><strong>facile</strong></span> <span class='ocrx_word' id='word_1_28' title='bbox 1348 654 1380 715; x_wconf 91' lang='lat' dir='ltr'><strong>et</strong></span> <span class='ocrx_word' id='word_1_29' title='bbox 1413 647 1579 714; x_wconf 90' lang='lat' dir='ltr'><strong>commode</strong></span> <span class='ocrx_word' id='word_1_30' title='bbox 1607 655 1701 735; x_wconf 90' lang='lat' dir='ltr'><strong>poeta</strong></span> <span class='ocrx_word' id='word_1_31' title='bbox 1729 652 1842 735; x_wconf 87' lang='lat' dir='ltr'><strong>lingua</strong></span> <span class='ocrx_word' id='word_1_32' title='bbox 1866 652 1992 718; x_wconf 83' lang='lat' dir='ltr'><strong>Graeca</strong></span> 
     </span>
     <span class='ocr_line' id='line_1_4' title="bbox 187 736 1990 825; baseline 0.002 -22"><span class='ocrx_word' id='word_1_33' title='bbox 187 742 306 818; x_wconf 87' lang='lat' dir='ltr'><strong>utatur,</strong></span> <span class='ocrx_word' id='word_1_34' title='bbox 330 757 372 802; x_wconf 80' lang='lat' dir='ltr'><strong>ax</strong></span> <span class='ocrx_word' id='word_1_35' title='bbox 388 736 706 802; x_wconf 92' lang='lat' dir='ltr'><strong>annominationibus</strong></span> <span class='ocrx_word' id='word_1_36' title='bbox 727 737 793 803; x_wconf 88' lang='lat' dir='ltr'><strong>illis</strong></span> <span class='ocrx_word' id='word_1_37' title='bbox 809 742 949 822; x_wconf 86' lang='lat' dir='ltr'><strong>apparet,</strong></span> <span class='ocrx_word' id='word_1_38' title='bbox 970 757 1045 803; x_wconf 88' lang='lat' dir='ltr'><strong>cum</strong></span> <span class='ocrx_word' id='word_1_39' title='bbox 1061 740 1311 804; x_wconf 84' lang='lat' dir='ltr'><strong>commutatione</strong></span> <span class='ocrx_word' id='word_1_40' title='bbox 1325 737 1504 804; x_wconf 90' lang='lat' dir='ltr'><strong>litterarum</strong></span> <span class='ocrx_word' id='word_1_41' title='bbox 1527 744 1586 804; x_wconf 90' lang='lat' dir='ltr'><strong>aut</strong></span> <span class='ocrx_word' id='word_1_42' title='bbox 1601 740 1813 825; x_wconf 78' lang='lat' dir='ltr'><strong>diremptione</strong></span> <span class='ocrx_word' id='word_1_43' title='bbox 1835 741 1878 807; x_wconf 90' lang='lat' dir='ltr'><strong>ad</strong></span> <span class='ocrx_word' id='word_1_44' title='bbox 1900 742 1990 808; x_wconf 91' lang='lat' dir='ltr'><strong>idem</strong></span> 
     </span>
     <span class='ocr_line' id='line_1_5' title="bbox 187 825 1990 913; baseline 0.004 -24"><span class='ocrx_word' id='word_1_45' title='bbox 187 826 323 892; x_wconf 81' lang='lat' dir='ltr'><strong>verbum</strong></span> <span class='ocrx_word' id='word_1_46' title='bbox 347 826 431 891; x_wconf 91' lang='lat' dir='ltr'><strong>alius</strong></span> <span class='ocrx_word' id='word_1_47' title='bbox 454 844 569 891; x_wconf 90' lang='lat' dir='ltr'><strong>sensus</strong></span> <span class='ocrx_word' id='word_1_48' title='bbox 592 825 724 909; x_wconf 82' lang='lat' dir='ltr'><strong>accedit,</strong></span> <span class='ocrx_word' id='word_1_49' title='bbox 747 827 848 893; x_wconf 87' lang='lat' dir='ltr'><strong>veluti</strong></span> <span class='ocrx_word' id='word_1_50' title='bbox 871 846 944 891; x_wconf 92' lang='lat' dir='ltr'><strong>cum</strong></span> <span class='ocrx_word' id='word_1_51' title='bbox 969 847 1087 911; x_wconf 90' lang='lat' dir='ltr'><strong>pueros</strong></span> <span class='ocrx_word' id='word_1_52' title='bbox 1110 829 1167 912; x_wconf 89' lang='lat' dir='ltr'><strong>qui</strong></span> <span class='ocrx_word' id='word_1_53' title='bbox 1190 846 1247 912; x_wconf 92' lang='lat' dir='ltr'><strong>per</strong></span> <span class='ocrx_word' id='word_1_54' title='bbox 1270 828 1411 912; x_wconf 89' lang='lat' dir='ltr'><strong>placidas</strong></span> <span class='ocrx_word' id='word_1_55' title='bbox 1432 829 1538 892; x_wconf 89' lang='lat' dir='ltr'><strong>undas</strong></span> <span class='ocrx_word' id='word_1_56' title='bbox 1561 830 1748 911; x_wconf 87' lang='lat' dir='ltr'><strong>navigantes</strong></span> <span class='ocrx_word' id='word_1_57' title='bbox 1770 830 1900 913; x_wconf 79' lang='lat' dir='ltr'><strong>ludunt,</strong></span> <span class='ocrx_word' id='word_1_58' title='bbox 1924 850 1990 896; x_wconf 93' lang='lat' dir='ltr'><strong>non</strong></span> 
     </span>
     <span class='ocr_line' id='line_1_6' title="bbox 183 911 1990 1002; baseline 0.003 -22"><span class='ocrx_word' id='word_1_59' title='bbox 183 924 299 981; x_wconf 83' lang='lat' dir='ltr'><strong>nautas</strong></span> <span class='ocrx_word' id='word_1_60' title='bbox 322 934 392 981; x_wconf 85' lang='lat' dir='ltr'><strong>esse</strong></span> <span class='ocrx_word' id='word_1_61' title='bbox 415 918 508 1000; x_wconf 89' lang='lat' dir='ltr'><strong>putat</strong></span> <span class='ocrx_word' id='word_1_62' title='bbox 530 916 587 981; x_wconf 91' lang='lat' dir='ltr'><strong>sed</strong></span> <span class='ocrx_word' id='word_1_63' title='bbox 609 918 823 1001; x_wconf 82' lang='lat' dir='ltr'><strong>Argonautas,</strong></span> <span class='ocrx_word' id='word_1_64' title='bbox 846 917 880 981; x_wconf 95' lang='lat' dir='ltr'><strong>id</strong></span> <span class='ocrx_word' id='word_1_65' title='bbox 896 922 943 982; x_wconf 88' lang='lat' dir='ltr'><strong>est</strong></span> <span class='ocrx_word' id='word_1_66' title='bbox 958 911 1073 1002; x_wconf 76' lang='grc' dir='ltr'><strong><em>ἀργοὺς</em></strong></span> <span class='ocrx_word' id='word_1_67' title='bbox 1086 914 1241 1001; x_wconf 65' lang='lat' dir='ltr'><strong>nautasil)</strong></span> <span class='ocrx_word' id='word_1_68' title='bbox 1280 916 1404 982; x_wconf 83' lang='lat' dir='ltr'><strong>Similia</strong></span> <span class='ocrx_word' id='word_1_69' title='bbox 1428 936 1510 1000; x_wconf 88' lang='lat' dir='ltr'><strong>quae</strong></span> <span class='ocrx_word' id='word_1_70' title='bbox 1532 923 1611 983; x_wconf 90' lang='lat' dir='ltr'><strong>sunt</strong></span> <span class='ocrx_word' id='word_1_71' title='bbox 1633 917 1791 983; x_wconf 89' lang='lat' dir='ltr'><strong>obscoena</strong></span> <span class='ocrx_word' id='word_1_72' title='bbox 1812 920 1886 984; x_wconf 92' lang='lat' dir='ltr'><strong>aliis</strong></span> <span class='ocrx_word' id='word_1_73' title='bbox 1909 920 1990 985; x_wconf 90' lang='lat' dir='ltr'><strong>locis</strong></span> 
     </span>
     <span class='ocr_line' id='line_1_7' title="bbox 183 999 1990 1090; baseline 0.003 -22"><span class='ocrx_word' id='word_1_74' title='bbox 183 1002 596 1090; x_wconf 81' lang='lat' dir='ltr'><strong>inveniuntur.⁴)-Filiae</strong></span> <span class='ocrx_word' id='word_1_75' title='bbox 611 1004 705 1070; x_wconf 83' lang='lat' dir='ltr'><strong>Sotae</strong></span> <span class='ocrx_word' id='word_1_76' title='bbox 727 1005 844 1088; x_wconf 90' lang='lat' dir='ltr'><strong>clinici,</strong></span> <span class='ocrx_word' id='word_1_77' title='bbox 867 1024 951 1090; x_wconf 89' lang='lat' dir='ltr'><strong>quae</strong></span> <span class='ocrx_word' id='word_1_78' title='bbox 966 1007 1079 1070; x_wconf 73' lang='lat' dir='ltr'><strong>manto</strong></span> <span class='ocrx_word' id='word_1_79' title='bbox 1102 1006 1228 1071; x_wconf 90' lang='lat' dir='ltr'><strong>deserto</strong></span> <span class='ocrx_word' id='word_1_80' title='bbox 1253 1006 1354 1071; x_wconf 89' lang='lat' dir='ltr'><strong>alium</strong></span> <span class='ocrx_word' id='word_1_81' title='bbox 1369 1010 1479 1072; x_wconf 85' lang='lat' dir='ltr'><strong>secuta</strong></span> <span class='ocrx_word' id='word_1_82' title='bbox 1494 1010 1570 1088; x_wconf 82' lang='lat' dir='ltr'><strong>erat,</strong></span> <span class='ocrx_word' id='word_1_83' title='bbox 1593 1005 1683 1071; x_wconf 90' lang='lat' dir='ltr'><strong>dicit:</strong></span> <span class='ocrx_word' id='word_1_84' title='bbox 1706 1004 1791 1089; x_wconf 79' lang='grc' dir='ltr'><strong><em>ἔχοις</em></strong></span> <span class='ocrx_word' id='word_1_85' title='bbox 1810 999 1990 1089; x_wconf 72' lang='grc' dir='ltr'><strong>ἅσώτως.5)</strong></span> 
     </span>
     <span class='ocr_line' id='line_1_8' title="bbox 185 1088 1988 1183; baseline 0.002 -25"><span class='ocrx_word' id='word_1_86' title='bbox 185 1095 366 1159; x_wconf 83' lang='lat' dir='ltr'><strong>Candidum</strong></span> <span class='ocrx_word' id='word_1_87' title='bbox 391 1093 560 1177; x_wconf 90' lang='lat' dir='ltr'><strong>quendam,</strong></span> <span class='ocrx_word' id='word_1_88' title='bbox 584 1094 641 1178; x_wconf 90' lang='lat' dir='ltr'><strong>qui</strong></span> <span class='ocrx_word' id='word_1_89' title='bbox 664 1096 893 1179; x_wconf 89' lang='lat' dir='ltr'><strong>magniloquus</strong></span> <span class='ocrx_word' id='word_1_90' title='bbox 915 1099 1009 1160; x_wconf 89' lang='lat' dir='ltr'><strong>nocte</strong></span> <span class='ocrx_word' id='word_1_91' title='bbox 1025 1096 1141 1179; x_wconf 89' lang='lat' dir='ltr'><strong>dieque</strong></span> <span class='ocrx_word' id='word_1_92' title='bbox 1155 1088 1250 1161; x_wconf 86' lang='grc' dir='ltr'><strong><em>κοινὰ</em></strong></span> <span class='ocrx_word' id='word_1_93' title='bbox 1264 1090 1372 1183; x_wconf 81' lang='grc' dir='ltr'><strong><em>φίλων</em></strong></span> <span class='ocrx_word' id='word_1_94' title='bbox 1386 1100 1486 1174; x_wconf 74' lang='lat' dir='ltr'><strong>sonat,</strong></span> <span class='ocrx_word' id='word_1_95' title='bbox 1509 1096 1680 1180; x_wconf 83' lang='lat' dir='ltr'><strong>vituperat,</strong></span> <span class='ocrx_word' id='word_1_96' title='bbox 1705 1097 1792 1181; x_wconf 93' lang='lat' dir='ltr'><strong>quod</strong></span> <span class='ocrx_word' id='word_1_97' title='bbox 1808 1115 1849 1162; x_wconf 84' lang='lat' dir='ltr'><strong>er</strong></span> <span class='ocrx_word' id='word_1_98' title='bbox 1870 1096 1988 1182; x_wconf 86' lang='lat' dir='ltr'><strong>opibus</strong></span> 
     </span>
     <span class='ocr_line' id='line_1_9' title="bbox 184 1178 1989 1273; baseline 0.002 -25"><span class='ocrx_word' id='word_1_99' title='bbox 184 1183 309 1269; x_wconf 88' lang='lat' dir='ltr'><strong>magnis</strong></span> <span class='ocrx_word' id='word_1_100' title='bbox 332 1184 432 1248; x_wconf 85' lang='lat' dir='ltr'><strong>veteri</strong></span> <span class='ocrx_word' id='word_1_101' title='bbox 454 1181 583 1268; x_wconf 88' lang='lat' dir='ltr'><strong>fidoque</strong></span> <span class='ocrx_word' id='word_1_102' title='bbox 605 1181 707 1251; x_wconf 89' lang='lat' dir='ltr'><strong>sodali</strong></span> <span class='ocrx_word' id='word_1_103' title='bbox 730 1183 810 1248; x_wconf 91' lang='lat' dir='ltr'><strong>nibil</strong></span> <span class='ocrx_word' id='word_1_104' title='bbox 833 1184 886 1249; x_wconf 91' lang='lat' dir='ltr'><strong>det</strong></span> <span class='ocrx_word' id='word_1_105' title='bbox 908 1189 1006 1269; x_wconf 88' lang='lat' dir='ltr'><strong>atque</strong></span> <span class='ocrx_word' id='word_1_106' title='bbox 1028 1190 1136 1249; x_wconf 67' lang='lat' dir='ltr'><strong>nmen</strong></span> <span class='ocrx_word' id='word_1_107' title='bbox 1159 1184 1245 1249; x_wconf 89' lang='lat' dir='ltr'><strong>dicat</strong></span> <span class='ocrx_word' id='word_1_108' title='bbox 1266 1178 1361 1251; x_wconf 86' lang='grc' dir='ltr'><strong><em>κοινὰ</em></strong></span> <span class='ocrx_word' id='word_1_109' title='bbox 1384 1180 1530 1273; x_wconf 55' lang='lat' dir='ltr'><strong>pilosi)</strong></span> <span class='ocrx_word' id='word_1_110' title='bbox 1580 1182 1718 1250; x_wconf 85' lang='lat' dir='ltr'><strong>Munera</strong></span> <span class='ocrx_word' id='word_1_111' title='bbox 1749 1181 1845 1267; x_wconf 79' lang='grc' dir='ltr'><strong><em>πεζά,</em></strong></span> <span class='ocrx_word' id='word_1_112' title='bbox 1871 1186 1908 1250; x_wconf 92' lang='lat' dir='ltr'><strong>id</strong></span> <span class='ocrx_word' id='word_1_113' title='bbox 1941 1192 1989 1252; x_wconf 89' lang='lat' dir='ltr'><strong>est</strong></span> 
     </span>
     <span class='ocr_line' id='line_1_10' title="bbox 185 1272 1989 1359; baseline 0.001 -21"><span class='ocrx_word' id='word_1_114' title='bbox 185 1291 321 1338; x_wconf 90' lang='lat' dir='ltr'><strong>munera</strong></span> <span class='ocrx_word' id='word_1_115' title='bbox 344 1274 415 1338; x_wconf 89' lang='lat' dir='ltr'><strong>sine</strong></span> <span class='ocrx_word' id='word_1_116' title='bbox 438 1274 589 1353; x_wconf 88' lang='lat' dir='ltr'><strong>carmine,</strong></span> <span class='ocrx_word' id='word_1_117' title='bbox 612 1291 686 1337; x_wconf 90' lang='lat' dir='ltr'><strong>cum</strong></span> <span class='ocrx_word' id='word_1_118' title='bbox 709 1291 831 1358; x_wconf 80' lang='lat' dir='ltr'><strong>pauper</strong></span> <span class='ocrx_word' id='word_1_119' title='bbox 852 1274 902 1357; x_wconf 80' lang='lat' dir='ltr'><strong>sit,</strong></span> <span class='ocrx_word' id='word_1_120' title='bbox 926 1272 966 1338; x_wconf 90' lang='lat' dir='ltr'><strong>ab</strong></span> <span class='ocrx_word' id='word_1_121' title='bbox 990 1275 1093 1339; x_wconf 90' lang='lat' dir='ltr'><strong>amico</strong></span> <span class='ocrx_word' id='word_1_122' title='bbox 1115 1275 1204 1359; x_wconf 85' lang='lat' dir='ltr'><strong>petit,</strong></span> <span class='ocrx_word' id='word_1_123' title='bbox 1225 1273 1291 1357; x_wconf 91' lang='lat' dir='ltr'><strong>qui,</strong></span> <span class='ocrx_word' id='word_1_124' title='bbox 1314 1273 1393 1339; x_wconf 94' lang='lat' dir='ltr'><strong>dum</strong></span> <span class='ocrx_word' id='word_1_125' title='bbox 1409 1293 1529 1338; x_wconf 90' lang='lat' dir='ltr'><strong>munus</strong></span> <span class='ocrx_word' id='word_1_126' title='bbox 1551 1292 1647 1338; x_wconf 91' lang='lat' dir='ltr'><strong>suum</strong></span> <span class='ocrx_word' id='word_1_127' title='bbox 1666 1276 1809 1340; x_wconf 88' lang='lat' dir='ltr'><strong>carmine</strong></span> <span class='ocrx_word' id='word_1_128' title='bbox 1823 1294 1989 1345; x_wconf 90' lang='lat' dir='ltr'><strong>commen·</strong></span> 
     </span>
     <span class='ocr_line' id='line_1_11' title="bbox 185 1359 1989 1447; baseline 0.001 -20"><span class='ocrx_word' id='word_1_129' title='bbox 185 1361 260 1428; x_wconf 90' lang='lat' dir='ltr'><strong>dare</strong></span> <span class='ocrx_word' id='word_1_130' title='bbox 282 1361 362 1443; x_wconf 82' lang='lat' dir='ltr'><strong>vult,</strong></span> <span class='ocrx_word' id='word_1_131' title='bbox 384 1365 417 1426; x_wconf 88' lang='lat' dir='ltr'><strong>et</strong></span> <span class='ocrx_word' id='word_1_132' title='bbox 438 1378 473 1426; x_wconf 89' lang='lat' dir='ltr'><strong>se</strong></span> <span class='ocrx_word' id='word_1_133' title='bbox 496 1365 528 1426; x_wconf 87' lang='lat' dir='ltr'><strong>et</strong></span> <span class='ocrx_word' id='word_1_134' title='bbox 550 1359 727 1427; x_wconf 77' lang='lat' dir='ltr'><strong>Martialem</strong></span> <span class='ocrx_word' id='word_1_135' title='bbox 750 1362 870 1446; x_wconf 88' lang='lat' dir='ltr'><strong>pariter</strong></span> <span class='ocrx_word' id='word_1_136' title='bbox 892 1362 1003 1428; x_wconf 90' lang='lat' dir='ltr'><strong>multis</strong></span> <span class='ocrx_word' id='word_1_137' title='bbox 1026 1361 1139 1428; x_wconf 92' lang='lat' dir='ltr'><strong>diebus</strong></span> <span class='ocrx_word' id='word_1_138' title='bbox 1160 1360 1361 1447; x_wconf 71' lang='lat' dir='ltr'><strong>excruciati)</strong></span> <span class='ocrx_word' id='word_1_139' title='bbox 1383 1398 1425 1410; x_wconf 94' lang='grc'>-</span> <span class='ocrx_word' id='word_1_140' title='bbox 1448 1364 1609 1446; x_wconf 79' lang='lat' dir='ltr'><strong>Aenigma</strong></span> <span class='ocrx_word' id='word_1_141' title='bbox 1631 1362 1718 1428; x_wconf 92' lang='lat' dir='ltr'><strong>haud</strong></span> <span class='ocrx_word' id='word_1_142' title='bbox 1745 1362 1924 1429; x_wconf 79' lang='lat' dir='ltr'><strong>infacetum</strong></span> <span class='ocrx_word' id='word_1_143' title='bbox 1947 1383 1989 1429; x_wconf 86' lang='lat' dir='ltr'><strong>er</strong></span> 
     </span>
     <span class='ocr_line' id='line_1_12' title="bbox 139 1449 1988 1536; baseline 0.001 -20"><span class='ocrx_word' id='word_1_144' title='bbox 139 1481 141 1485; x_wconf 95' lang='lat'>·</span> <span class='ocrx_word' id='word_1_145' title='bbox 184 1452 313 1516; x_wconf 90' lang='lat' dir='ltr'><strong>nomine</strong></span> <span class='ocrx_word' id='word_1_146' title='bbox 336 1449 450 1515; x_wconf 73' lang='lat' dir='ltr'><strong>Manui</strong></span> <span class='ocrx_word' id='word_1_147' title='bbox 471 1450 596 1532; x_wconf 82' lang='lat' dir='ltr'><strong>format,</strong></span> <span class='ocrx_word' id='word_1_148' title='bbox 628 1469 724 1534; x_wconf 89' lang='lat' dir='ltr'><strong>quem</strong></span> <span class='ocrx_word' id='word_1_149' title='bbox 747 1470 824 1516; x_wconf 91' lang='lat' dir='ltr'><strong>cum</strong></span> <span class='ocrx_word' id='word_1_150' title='bbox 847 1450 961 1535; x_wconf 90' lang='lat' dir='ltr'><strong>pocula</strong></span> <span class='ocrx_word' id='word_1_151' title='bbox 983 1456 1175 1536; x_wconf 88' lang='lat' dir='ltr'><strong>temperarat</strong></span> <span class='ocrx_word' id='word_1_152' title='bbox 1195 1450 1340 1533; x_wconf 79' lang='lat' dir='ltr'><strong>Tonanti,</strong></span> <span class='ocrx_word' id='word_1_153' title='bbox 1365 1450 1400 1515; x_wconf 93' lang='lat' dir='ltr'><strong>id</strong></span> <span class='ocrx_word' id='word_1_154' title='bbox 1422 1456 1472 1517; x_wconf 86' lang='lat' dir='ltr'><strong>ast</strong></span> <span class='ocrx_word' id='word_1_155' title='bbox 1493 1449 1688 1531; x_wconf 89' lang='lat' dir='ltr'><strong>Domitiano,</strong></span> <span class='ocrx_word' id='word_1_156' title='bbox 1722 1453 1818 1536; x_wconf 90' lang='lat' dir='ltr'><strong>eique</strong></span> <span class='ocrx_word' id='word_1_157' title='bbox 1844 1449 1988 1519; x_wconf 86' lang='lat' dir='ltr'><strong>dilectus</strong></span> 
     </span>
     <span class='ocr_line' id='line_1_13' title="bbox 182 1538 1986 1625; baseline 0.002 -21"><span class='ocrx_word' id='word_1_158' title='bbox 182 1540 354 1625; x_wconf 87' lang='lat' dir='ltr'><strong>praecipue</strong></span> <span class='ocrx_word' id='word_1_159' title='bbox 376 1543 469 1621; x_wconf 74' lang='lat' dir='ltr'><strong>essm,</strong></span> <span class='ocrx_word' id='word_1_160' title='bbox 503 1540 632 1624; x_wconf 78' lang='lat' dir='ltr'><strong>caepim</strong></span> <span class='ocrx_word' id='word_1_161' title='bbox 655 1540 853 1606; x_wconf 80' lang='lat' dir='ltr'><strong>carminibus</strong></span> <span class='ocrx_word' id='word_1_162' title='bbox 875 1540 1061 1606; x_wconf 87' lang='lat' dir='ltr'><strong>celebravit:</strong></span> <span class='ocrx_word' id='word_1_163' title='bbox 1096 1538 1177 1617; x_wconf 90' lang='lat' dir='ltr'><strong>Quis</strong></span> <span class='ocrx_word' id='word_1_164' title='bbox 1200 1546 1258 1622; x_wconf 90' lang='lat' dir='ltr'><strong>est,</strong></span> <span class='ocrx_word' id='word_1_165' title='bbox 1290 1542 1344 1605; x_wconf 91' lang='lat' dir='ltr'><strong>cui</strong></span> <span class='ocrx_word' id='word_1_166' title='bbox 1367 1558 1466 1605; x_wconf 85' lang='lat' dir='ltr'><strong>verna</strong></span> <span class='ocrx_word' id='word_1_167' title='bbox 1494 1545 1637 1624; x_wconf 87' lang='lat' dir='ltr'><strong>tempora</strong></span> <span class='ocrx_word' id='word_1_168' title='bbox 1659 1558 1777 1605; x_wconf 89' lang='lat' dir='ltr'><strong>nomen</strong></span> <span class='ocrx_word' id='word_1_169' title='bbox 1801 1540 1986 1607; x_wconf 82' lang='lat' dir='ltr'><strong>dederunt?</strong></span> 
     </span>
     <span class='ocr_line' id='line_1_14' title="bbox 182 1626 1988 1714; baseline 0.001 -19"><span class='ocrx_word' id='word_1_170' title='bbox 182 1628 384 1714; x_wconf 87' lang='lat' dir='ltr'><strong>Responsum</strong></span> <span class='ocrx_word' id='word_1_171' title='bbox 407 1627 501 1693; x_wconf 85' lang='lat' dir='ltr'><strong>facile</strong></span> <span class='ocrx_word' id='word_1_172' title='bbox 523 1628 691 1694; x_wconf 84' lang='lat' dir='ltr'><strong>invenitur</strong></span> <span class='ocrx_word' id='word_1_173' title='bbox 713 1646 755 1692; x_wconf 83' lang='lat' dir='ltr'><strong>ex</strong></span> <span class='ocrx_word' id='word_1_174' title='bbox 778 1627 926 1695; x_wconf 87' lang='lat' dir='ltr'><strong>versibus</strong></span> <span class='ocrx_word' id='word_1_175' title='bbox 947 1628 1222 1713; x_wconf 89' lang='lat' dir='ltr'><strong>praecedentibus,</strong></span> <span class='ocrx_word' id='word_1_176' title='bbox 1257 1647 1333 1693; x_wconf 90' lang='lat' dir='ltr'><strong>cum</strong></span> <span class='ocrx_word' id='word_1_177' title='bbox 1355 1646 1398 1693; x_wconf 83' lang='lat' dir='ltr'><strong>ex</strong></span> <span class='ocrx_word' id='word_1_178' title='bbox 1421 1633 1595 1693; x_wconf 88' lang='lat' dir='ltr'><strong>auctumno</strong></span> <span class='ocrx_word' id='word_1_179' title='bbox 1620 1626 1786 1711; x_wconf 87' lang='lat' dir='ltr'><strong>Oporinos,</strong></span> <span class='ocrx_word' id='word_1_180' title='bbox 1810 1647 1848 1694; x_wconf 85' lang='lat' dir='ltr'><strong>ex</strong></span> <span class='ocrx_word' id='word_1_181' title='bbox 1880 1630 1988 1696; x_wconf 91' lang='lat' dir='ltr'><strong>hieme</strong></span> 
     </span>
     <span class='ocr_line' id='line_1_15' title="bbox 182 1715 1986 1804; baseline 0 -21"><span class='ocrx_word' id='word_1_182' title='bbox 182 1717 392 1798; x_wconf 76' lang='lat' dir='ltr'><strong>chimerinos,</strong></span> <span class='ocrx_word' id='word_1_183' title='bbox 410 1735 452 1782; x_wconf 83' lang='lat' dir='ltr'><strong>er</strong></span> <span class='ocrx_word' id='word_1_184' title='bbox 475 1721 593 1782; x_wconf 87' lang='lat' dir='ltr'><strong>aestate</strong></span> <span class='ocrx_word' id='word_1_185' title='bbox 614 1716 768 1782; x_wconf 83' lang='lat' dir='ltr'><strong>Therinos</strong></span> <span class='ocrx_word' id='word_1_186' title='bbox 792 1715 996 1804; x_wconf 62' lang='lat' dir='ltr'><strong>derivntmss)</strong></span> <span class='ocrx_word' id='word_1_187' title='bbox 1042 1717 1168 1783; x_wconf 90' lang='lat' dir='ltr'><strong>Nomen</strong></span> <span class='ocrx_word' id='word_1_188' title='bbox 1184 1716 1297 1782; x_wconf 84' lang='lat' dir='ltr'><strong>Earini</strong></span> <span class='ocrx_word' id='word_1_189' title='bbox 1317 1736 1451 1801; x_wconf 87' lang='lat' dir='ltr'><strong>magnas</strong></span> <span class='ocrx_word' id='word_1_190' title='bbox 1474 1721 1585 1800; x_wconf 87' lang='lat' dir='ltr'><strong>poetae</strong></span> <span class='ocrx_word' id='word_1_191' title='bbox 1609 1717 1813 1784; x_wconf 85' lang='lat' dir='ltr'><strong>difficultates</strong></span> <span class='ocrx_word' id='word_1_192' title='bbox 1841 1717 1986 1800; x_wconf 88' lang='lat' dir='ltr'><strong>praebat,</strong></span> 
     </span>
     <span class='ocr_line' id='line_1_16' title="bbox 183 1803 1984 1893; baseline -0.001 -21"><span class='ocrx_word' id='word_1_193' title='bbox 183 1806 269 1893; x_wconf 87' lang='lat' dir='ltr'><strong>quod</strong></span> <span class='ocrx_word' id='word_1_194' title='bbox 291 1807 396 1892; x_wconf 87' lang='lat' dir='ltr'><strong>prima</strong></span> <span class='ocrx_word' id='word_1_195' title='bbox 417 1803 548 1889; x_wconf 82' lang='lat' dir='ltr'><strong>syllaba,</strong></span> <span class='ocrx_word' id='word_1_196' title='bbox 571 1824 645 1871; x_wconf 93' lang='lat' dir='ltr'><strong>cum</strong></span> <span class='ocrx_word' id='word_1_197' title='bbox 660 1805 770 1872; x_wconf 86' lang='lat' dir='ltr'><strong>brevis</strong></span> <span class='ocrx_word' id='word_1_198' title='bbox 792 1807 842 1890; x_wconf 86' lang='lat' dir='ltr'><strong>sit,</strong></span> <span class='ocrx_word' id='word_1_199' title='bbox 865 1808 974 1872; x_wconf 83' lang='lat' dir='ltr'><strong>versui</strong></span> <span class='ocrx_word' id='word_1_200' title='bbox 997 1807 1227 1872; x_wconf 77' lang='lat' dir='ltr'><strong>contumaciter</strong></span> <span class='ocrx_word' id='word_1_201' title='bbox 1249 1810 1423 1890; x_wconf 74' lang='lat' dir='ltr'><strong>repugnat,</strong></span> <span class='ocrx_word' id='word_1_202' title='bbox 1447 1806 1557 1889; x_wconf 90' lang='lat' dir='ltr'><strong>itaque</strong></span> <span class='ocrx_word' id='word_1_203' title='bbox 1573 1804 1695 1871; x_wconf 84' lang='lat' dir='ltr'><strong>Graeco</strong></span> <span class='ocrx_word' id='word_1_204' title='bbox 1711 1825 1798 1870; x_wconf 90' lang='lat' dir='ltr'><strong>more</strong></span> <span class='ocrx_word' id='word_1_205' title='bbox 1813 1805 1984 1871; x_wconf 84' lang='lat' dir='ltr'><strong>Eiarinum</strong></span> 
     </span>
     <span class='ocr_line' id='line_1_17' title="bbox 182 1893 1986 1980; baseline 0 -20"><span class='ocrx_word' id='word_1_206' title='bbox 182 1895 284 1980; x_wconf 90' lang='lat' dir='ltr'><strong>fingit,</strong></span> <span class='ocrx_word' id='word_1_207' title='bbox 308 1914 404 1979; x_wconf 92' lang='lat' dir='ltr'><strong>quam</strong></span> <span class='ocrx_word' id='word_1_208' title='bbox 427 1895 684 1961; x_wconf 88' lang='lat' dir='ltr'><strong>immutationem</strong></span> <span class='ocrx_word' id='word_1_209' title='bbox 709 1900 896 1961; x_wconf 85' lang='lat' dir='ltr'><strong>excusatam</strong></span> <span class='ocrx_word' id='word_1_210' title='bbox 919 1896 1095 1975; x_wconf 75' lang='lat' dir='ltr'><strong>vulteum</strong></span> <span class='ocrx_word' id='word_1_211' title='bbox 1119 1896 1240 1962; x_wconf 92' lang='lat' dir='ltr'><strong>bomini</strong></span> <span class='ocrx_word' id='word_1_212' title='bbox 1254 1893 1401 1960; x_wconf 79' lang='grc' dir='ltr'><strong><em>Βοοοοοο</em></strong></span> <span class='ocrx_word' id='word_1_213' title='bbox 1424 1913 1489 1958; x_wconf 97' lang='lat' dir='ltr'><strong>non</strong></span> <span class='ocrx_word' id='word_1_214' title='bbox 1513 1894 1599 1959; x_wconf 86' lang='lat' dir='ltr'><strong>idern</strong></span> <span class='ocrx_word' id='word_1_215' title='bbox 1621 1895 1724 1977; x_wconf 76' lang='lat' dir='ltr'><strong>liceat,</strong></span> <span class='ocrx_word' id='word_1_216' title='bbox 1747 1895 1832 1979; x_wconf 93' lang='lat' dir='ltr'><strong>quod</strong></span> <span class='ocrx_word' id='word_1_217' title='bbox 1857 1893 1986 1961; x_wconf 88' lang='lat' dir='ltr'><strong>disertis</strong></span> 
     </span>
     <span class='ocr_line' id='line_1_18' title="bbox 183 1973 1986 2072; baseline -0.001 -23"><span class='ocrx_word' id='word_1_218' title='bbox 183 1984 324 2067; x_wconf 84' lang='lat' dir='ltr'><strong>Graecis,</strong></span> <span class='ocrx_word' id='word_1_219' title='bbox 347 1983 465 2068; x_wconf 89' lang='lat' dir='ltr'><strong>quibus</strong></span> <span class='ocrx_word' id='word_1_220' title='bbox 488 1983 569 2049; x_wconf 91' lang='lat' dir='ltr'><strong>nihil</strong></span> <span class='ocrx_word' id='word_1_221' title='bbox 591 1984 633 2049; x_wconf 91' lang='lat' dir='ltr'><strong>sit</strong></span> <span class='ocrx_word' id='word_1_222' title='bbox 647 1989 798 2069; x_wconf 86' lang='lat' dir='ltr'><strong>negatum</strong></span> <span class='ocrx_word' id='word_1_223' title='bbox 822 1989 855 2050; x_wconf 88' lang='lat' dir='ltr'><strong>et</strong></span> <span class='ocrx_word' id='word_1_224' title='bbox 876 2004 958 2068; x_wconf 88' lang='lat' dir='ltr'><strong>quos</strong></span> <span class='ocrx_word' id='word_1_225' title='bbox 976 1973 1064 2071; x_wconf 75' lang='grc' dir='ltr'><strong><em>’Ᾱρες</em></strong></span> <span class='ocrx_word' id='word_1_226' title='bbox 1088 1975 1177 2072; x_wconf 64' lang='lat' dir='ltr'><strong>”Apes</strong></span> <span class='ocrx_word' id='word_1_227' title='bbox 1204 2002 1319 2050; x_wconf 90' lang='lat' dir='ltr'><strong>sonare</strong></span> <span class='ocrx_word' id='word_1_228' title='bbox 1348 1980 1497 2069; x_wconf 79' lang='lat' dir='ltr'><strong>deneat9)</strong></span> <span class='ocrx_word' id='word_1_229' title='bbox 1541 1980 1737 2067; x_wconf 79' lang='lat' dir='ltr'><strong>Quicunque</strong></span> <span class='ocrx_word' id='word_1_230' title='bbox 1759 1988 1853 2068; x_wconf 88' lang='lat' dir='ltr'><strong>poeta</strong></span> <span class='ocrx_word' id='word_1_231' title='bbox 1875 1986 1986 2050; x_wconf 74' lang='lat' dir='ltr'><strong>vocari</strong></span> 
     </span>
     <span class='ocr_line' id='line_1_19' title="bbox 184 2071 1985 2159; baseline -0.001 -21"><span class='ocrx_word' id='word_1_232' title='bbox 184 2075 281 2158; x_wconf 91' lang='lat' dir='ltr'><strong>cupit,</strong></span> <span class='ocrx_word' id='word_1_233' title='bbox 304 2093 379 2138; x_wconf 89' lang='lat' dir='ltr'><strong>eum</strong></span> <span class='ocrx_word' id='word_1_234' title='bbox 401 2073 532 2157; x_wconf 86' lang='lat' dir='ltr'><strong>linguae</strong></span> <span class='ocrx_word' id='word_1_235' title='bbox 555 2073 695 2139; x_wconf 85' lang='lat' dir='ltr'><strong>Graecae</strong></span> <span class='ocrx_word' id='word_1_236' title='bbox 717 2075 902 2159; x_wconf 88' lang='lat' dir='ltr'><strong>imperitum</strong></span> <span class='ocrx_word' id='word_1_237' title='bbox 926 2092 1006 2156; x_wconf 88' lang='lat' dir='ltr'><strong>esse,</strong></span> <span class='ocrx_word' id='word_1_238' title='bbox 1029 2075 1086 2137; x_wconf 83' lang='lat' dir='ltr'><strong>vix</strong></span> <span class='ocrx_word' id='word_1_239' title='bbox 1109 2072 1305 2139; x_wconf 89' lang='lat' dir='ltr'><strong>credendum</strong></span> <span class='ocrx_word' id='word_1_240' title='bbox 1328 2072 1468 2151; x_wconf 75' lang='lat' dir='ltr'><strong>ridetur,</strong></span> <span class='ocrx_word' id='word_1_241' title='bbox 1490 2071 1524 2136; x_wconf 93' lang='lat' dir='ltr'><strong>id</strong></span> <span class='ocrx_word' id='word_1_242' title='bbox 1547 2071 1633 2157; x_wconf 90' lang='lat' dir='ltr'><strong>quod</strong></span> <span class='ocrx_word' id='word_1_243' title='bbox 1656 2071 1771 2156; x_wconf 87' lang='lat' dir='ltr'><strong>probat</strong></span> <span class='ocrx_word' id='word_1_244' title='bbox 1793 2072 1985 2137; x_wconf 82' lang='lat' dir='ltr'><strong>exclamatio</strong></span> 
     </span>
     <span class='ocr_line' id='line_1_20' title="bbox 181 2159 1985 2247; baseline 0 -21"><span class='ocrx_word' id='word_1_245' title='bbox 181 2163 250 2228; x_wconf 86' lang='lat' dir='ltr'><strong>illa:</strong></span> <span class='ocrx_word' id='word_1_246' title='bbox 275 2161 404 2240; x_wconf 87' lang='lat' dir='ltr'><strong>Graece,</strong></span> <span class='ocrx_word' id='word_1_247' title='bbox 427 2162 595 2247; x_wconf 85' lang='lat' dir='ltr'><strong>numquid,</strong></span> <span class='ocrx_word' id='word_1_248' title='bbox 610 2167 712 2247; x_wconf 85' lang='lat' dir='ltr'><strong>poeta,</strong></span> <span class='ocrx_word' id='word_1_249' title='bbox 727 2159 900 2247; x_wconf 82' lang='lat' dir='ltr'><strong>nescisl10)</strong></span> <span class='ocrx_word' id='word_1_250' title='bbox 928 2161 1034 2226; x_wconf 91' lang='lat' dir='ltr'><strong>Homo</strong></span> <span class='ocrx_word' id='word_1_251' title='bbox 1058 2162 1207 2228; x_wconf 87' lang='lat' dir='ltr'><strong>indoctus</strong></span> <span class='ocrx_word' id='word_1_252' title='bbox 1228 2162 1324 2227; x_wconf 84' lang='lat' dir='ltr'><strong>facile</strong></span> <span class='ocrx_word' id='word_1_253' title='bbox 1348 2163 1562 2245; x_wconf 84' lang='lat' dir='ltr'><strong>cognoscitur,</strong></span> <span class='ocrx_word' id='word_1_254' title='bbox 1584 2179 1661 2226; x_wconf 90' lang='lat' dir='ltr'><strong>cum</strong></span> <span class='ocrx_word' id='word_1_255' title='bbox 1684 2180 1725 2226; x_wconf 91' lang='lat' dir='ltr'><strong>ne</strong></span> <span class='ocrx_word' id='word_1_256' title='bbox 1749 2162 1830 2227; x_wconf 84' lang='lat' dir='ltr'><strong>bave</strong></span> <span class='ocrx_word' id='word_1_257' title='bbox 1853 2162 1985 2245; x_wconf 88' lang='lat' dir='ltr'><strong>quidem</strong></span> 
     </span>
     <span class='ocr_line' id='line_1_21' title="bbox 180 2248 1985 2338; baseline -0.001 -22"><span class='ocrx_word' id='word_1_258' title='bbox 180 2251 331 2316; x_wconf 89' lang='lat' dir='ltr'><strong>Latinum</strong></span> <span class='ocrx_word' id='word_1_259' title='bbox 354 2256 410 2316; x_wconf 91' lang='lat' dir='ltr'><strong>aut</strong></span> <span class='ocrx_word' id='word_1_260' title='bbox 431 2253 524 2338; x_wconf 82' lang='grc' dir='ltr'><strong><em>χοῖρε</em></strong></span> <span class='ocrx_word' id='word_1_261' title='bbox 546 2251 702 2316; x_wconf 85' lang='lat' dir='ltr'><strong>Graecum</strong></span> <span class='ocrx_word' id='word_1_262' title='bbox 726 2255 813 2317; x_wconf 88' lang='lat' dir='ltr'><strong>recte</strong></span> <span class='ocrx_word' id='word_1_263' title='bbox 835 2251 1014 2335; x_wconf 82' lang='lat' dir='ltr'><strong>exprimere</strong></span> <span class='ocrx_word' id='word_1_264' title='bbox 1037 2248 1189 2335; x_wconf 79' lang='lat' dir='ltr'><strong>possitll)</strong></span> <span class='ocrx_word' id='word_1_265' title='bbox 1233 2249 1384 2334; x_wconf 90' lang='lat' dir='ltr'><strong>Denique</strong></span> <span class='ocrx_word' id='word_1_266' title='bbox 1407 2251 1567 2316; x_wconf 89' lang='lat' dir='ltr'><strong>neminem</strong></span> <span class='ocrx_word' id='word_1_267' title='bbox 1592 2251 1657 2315; x_wconf 90' lang='lat' dir='ltr'><strong>nisi</strong></span> <span class='ocrx_word' id='word_1_268' title='bbox 1679 2251 1836 2317; x_wconf 86' lang='lat' dir='ltr'><strong>rusticum</strong></span> <span class='ocrx_word' id='word_1_269' title='bbox 1860 2252 1985 2316; x_wconf 90' lang='lat' dir='ltr'><strong>nescire</strong></span> 
     </span>
     <span class='ocr_line' id='line_1_22' title="bbox 180 2337 1121 2425; baseline -0.002 -20"><span class='ocrx_word' id='word_1_270' title='bbox 180 2345 282 2425; x_wconf 86' lang='lat' dir='ltr'><strong>putat,</strong></span> <span class='ocrx_word' id='word_1_271' title='bbox 305 2341 383 2424; x_wconf 92' lang='lat' dir='ltr'><strong>quid</strong></span> <span class='ocrx_word' id='word_1_272' title='bbox 402 2340 524 2404; x_wconf 86' lang='lat' dir='ltr'><strong>Graeco</strong></span> <span class='ocrx_word' id='word_1_273' title='bbox 547 2341 676 2406; x_wconf 90' lang='lat' dir='ltr'><strong>nomine</strong></span> <span class='ocrx_word' id='word_1_274' title='bbox 699 2340 824 2406; x_wconf 90' lang='lat' dir='ltr'><strong>dicatur</strong></span> <span class='ocrx_word' id='word_1_275' title='bbox 847 2337 1121 2424; x_wconf 84' lang='lat' dir='ltr'><strong>aphronitrum.¹²)</strong></span> 
     </span>
    </p>

    <p class='ocr_par' dir='ltr' id='par_1_3' title="bbox 179 2428 1984 3387">
     <span class='ocr_line' id='line_1_23' title="bbox 340 2428 1984 2514; baseline 0.001 -22"><span class='ocrx_word' id='word_1_276' title='bbox 340 2428 392 2493; x_wconf 80' lang='lat' dir='ltr'><strong>Er</strong></span> <span class='ocrx_word' id='word_1_277' title='bbox 407 2429 530 2513; x_wconf 90' lang='lat' dir='ltr'><strong>ingenti</strong></span> <span class='ocrx_word' id='word_1_278' title='bbox 547 2429 813 2495; x_wconf 74' lang='lat' dir='ltr'><strong>adclamationum</strong></span> <span class='ocrx_word' id='word_1_279' title='bbox 830 2447 973 2511; x_wconf 88' lang='lat' dir='ltr'><strong>numero,</strong></span> <span class='ocrx_word' id='word_1_280' title='bbox 989 2448 1068 2512; x_wconf 90' lang='lat' dir='ltr'><strong>quas</strong></span> <span class='ocrx_word' id='word_1_281' title='bbox 1084 2429 1265 2495; x_wconf 88' lang='lat' dir='ltr'><strong>adulatores</strong></span> <span class='ocrx_word' id='word_1_282' title='bbox 1277 2428 1341 2494; x_wconf 92' lang='lat' dir='ltr'><strong>sibi</strong></span> <span class='ocrx_word' id='word_1_283' title='bbox 1355 2433 1617 2514; x_wconf 88' lang='lat' dir='ltr'><strong>comparaverant</strong></span> <span class='ocrx_word' id='word_1_284' title='bbox 1632 2432 1665 2493; x_wconf 88' lang='lat' dir='ltr'><strong>et</strong></span> <span class='ocrx_word' id='word_1_285' title='bbox 1680 2448 1817 2511; x_wconf 88' lang='lat' dir='ltr'><strong>quorum</strong></span> <span class='ocrx_word' id='word_1_286' title='bbox 1834 2431 1984 2514; x_wconf 84' lang='lat' dir='ltr'><strong>exempla</strong></span> 
     </span>
     <span class='ocr_line' id='line_1_24' title="bbox 181 2515 1983 2605; baseline -0.002 -21"><span class='ocrx_word' id='word_1_287' title='bbox 181 2520 266 2605; x_wconf 93' lang='lat' dir='ltr'><strong>apud</strong></span> <span class='ocrx_word' id='word_1_288' title='bbox 289 2517 469 2583; x_wconf 88' lang='lat' dir='ltr'><strong>Martialem</strong></span> <span class='ocrx_word' id='word_1_289' title='bbox 493 2515 675 2599; x_wconf 59' lang='lat' dir='ltr'><strong>ananam)</strong></span> <span class='ocrx_word' id='word_1_290' title='bbox 699 2517 790 2602; x_wconf 86' lang='lat' dir='ltr'><strong>belle,</strong></span> <span class='ocrx_word' id='word_1_291' title='bbox 817 2518 937 2597; x_wconf 85' lang='lat' dir='ltr'><strong>effecte,</strong></span> <span class='ocrx_word' id='word_1_292' title='bbox 963 2519 1113 2602; x_wconf 81' lang='lat' dir='ltr'><strong>graviter,</strong></span> <span class='ocrx_word' id='word_1_293' title='bbox 1137 2519 1211 2600; x_wconf 88' lang='lat' dir='ltr'><strong>cito,</strong></span> <span class='ocrx_word' id='word_1_294' title='bbox 1237 2519 1396 2602; x_wconf 90' lang='lat' dir='ltr'><strong>nequiter,</strong></span> <span class='ocrx_word' id='word_1_295' title='bbox 1425 2517 1526 2597; x_wconf 86' lang='lat' dir='ltr'><strong>beate,</strong></span> <span class='ocrx_word' id='word_1_296' title='bbox 1549 2517 1691 2601; x_wconf 89' lang='lat' dir='ltr'><strong>pulchre,</strong></span> <span class='ocrx_word' id='word_1_297' title='bbox 1713 2516 1804 2599; x_wconf 89' lang='lat' dir='ltr'><strong>bene,</strong></span> <span class='ocrx_word' id='word_1_298' title='bbox 1831 2523 1920 2583; x_wconf 91' lang='lat' dir='ltr'><strong>recte</strong></span> <span class='ocrx_word' id='word_1_299' title='bbox 1951 2519 1983 2581; x_wconf 93' lang='lat' dir='ltr'><strong>in</strong></span> 
     </span>
     <span class='ocr_line' id='line_1_25' title="bbox 182 2567 1984 2692; baseline -0.002 -18"><span class='ocrx_word' id='word_1_300' title='bbox 182 2629 243 2674; x_wconf 90' lang='lat' dir='ltr'><strong>usu</strong></span> <span class='ocrx_word' id='word_1_301' title='bbox 266 2609 423 2692; x_wconf 88' lang='lat' dir='ltr'><strong>imprimis</strong></span> <span class='ocrx_word' id='word_1_302' title='bbox 449 2607 552 2672; x_wconf 83' lang='lat' dir='ltr'><strong>tuisse</strong></span> <span class='ocrx_word' id='word_1_303' title='bbox 578 2607 740 2689; x_wconf 87' lang='lat' dir='ltr'><strong>videntur,</strong></span> <span class='ocrx_word' id='word_1_304' title='bbox 774 2605 860 2691; x_wconf 94' lang='lat' dir='ltr'><strong>quod</strong></span> <span class='ocrx_word' id='word_1_305' title='bbox 884 2608 1010 2691; x_wconf 89' lang='lat' dir='ltr'><strong>saepius</strong></span> <span class='ocrx_word' id='word_1_306' title='bbox 1032 2608 1255 2686; x_wconf 83' lang='lat' dir='ltr'><strong>inveniuntur,</strong></span> <span class='ocrx_word' id='word_1_307' title='bbox 1278 2625 1361 2691; x_wconf 89' lang='lat' dir='ltr'><strong>auge</strong></span> <span class='ocrx_word' id='word_1_308' title='bbox 1383 2611 1416 2671; x_wconf 88' lang='lat' dir='ltr'><strong>et</strong></span> <span class='ocrx_word' id='word_1_309' title='bbox 1438 2607 1563 2690; x_wconf 89' lang='lat' dir='ltr'><strong>sophos,</strong></span> <span class='ocrx_word' id='word_1_310' title='bbox 1597 2606 1630 2670; x_wconf 93' lang='lat' dir='ltr'><strong>id</strong></span> <span class='ocrx_word' id='word_1_311' title='bbox 1653 2611 1702 2671; x_wconf 89' lang='lat' dir='ltr'><strong>est</strong></span> <span class='ocrx_word' id='word_1_312' title='bbox 1724 2605 1882 2671; x_wconf 83' lang='lat' dir='ltr'><strong>Graecum</strong></span> <span class='ocrx_word' id='word_1_313' title='bbox 1907 2567 1984 2692; x_wconf 62' lang='lat' dir='ltr'><strong>cipe,</strong></span> 
     </span>
     <span class='ocr_line' id='line_1_26' title="bbox 179 2693 1983 2869; baseline -0.001 -19"><span class='ocrx_word' id='word_1_314' title='bbox 179 2693 887 2869; x_wconf 67' lang='lat' dir='ltr'><strong>ttttlhttttltt“ttttttttt</strong></span> <span class='ocrx_word' id='word_1_315' title='bbox 901 2694 1983 2868; x_wconf 60' lang='lat' dir='ltr'><strong>tthrtltttttttthtMitt?tiliththttti</strong></span> 
     </span>
     <span class='ocr_line' id='line_1_27' title="bbox 179 2833 1982 2959; baseline -0.001 -20"><span class='ocrx_word' id='word_1_316' title='bbox 179 2876 332 2959; x_wconf 88' lang='lat' dir='ltr'><strong>perinane</strong></span> <span class='ocrx_word' id='word_1_317' title='bbox 360 2874 485 2958; x_wconf 89' lang='lat' dir='ltr'><strong>sophos,</strong></span> <span class='ocrx_word' id='word_1_318' title='bbox 508 2875 721 2959; x_wconf 87' lang='lat' dir='ltr'><strong>tergeminum</strong></span> <span class='ocrx_word' id='word_1_319' title='bbox 746 2875 872 2958; x_wconf 87' lang='lat' dir='ltr'><strong>sophos,</strong></span> <span class='ocrx_word' id='word_1_320' title='bbox 894 2875 981 2938; x_wconf 90' lang='lat' dir='ltr'><strong>mille</strong></span> <span class='ocrx_word' id='word_1_321' title='bbox 996 2833 1121 2958; x_wconf 64' lang='lat' dir='ltr'><strong>snphcis.</strong></span> <span class='ocrx_word' id='word_1_322' title='bbox 1168 2873 1348 2939; x_wconf 89' lang='lat' dir='ltr'><strong>Memoratu</strong></span> <span class='ocrx_word' id='word_1_323' title='bbox 1364 2872 1498 2957; x_wconf 91' lang='lat' dir='ltr'><strong>dignum</strong></span> <span class='ocrx_word' id='word_1_324' title='bbox 1515 2872 1650 2955; x_wconf 90' lang='lat' dir='ltr'><strong>videtur,</strong></span> <span class='ocrx_word' id='word_1_325' title='bbox 1674 2833 1760 2957; x_wconf 65' lang='lat' dir='ltr'><strong>quiid</strong></span> <span class='ocrx_word' id='word_1_326' title='bbox 1776 2874 1872 2938; x_wconf 89' lang='lat' dir='ltr'><strong>etiam</strong></span> <span class='ocrx_word' id='word_1_327' title='bbox 1888 2873 1982 2938; x_wconf 92' lang='lat' dir='ltr'><strong>hodie</strong></span> 
     </span>
     <span class='ocr_line' id='line_1_28' title="bbox 180 2961 1980 3047; baseline -0.001 -19"><span class='ocrx_word' id='word_1_328' title='bbox 180 2963 267 3047; x_wconf 89' lang='lat' dir='ltr'><strong>apud</strong></span> <span class='ocrx_word' id='word_1_329' title='bbox 290 2964 470 3047; x_wconf 88' lang='lat' dir='ltr'><strong>complures</strong></span> <span class='ocrx_word' id='word_1_330' title='bbox 493 2965 638 3028; x_wconf 89' lang='lat' dir='ltr'><strong>nationes</strong></span> <span class='ocrx_word' id='word_1_331' title='bbox 659 2964 744 3028; x_wconf 89' lang='lat' dir='ltr'><strong>idem</strong></span> <span class='ocrx_word' id='word_1_332' title='bbox 768 2968 818 3028; x_wconf 86' lang='lat' dir='ltr'><strong>est</strong></span> <span class='ocrx_word' id='word_1_333' title='bbox 833 2982 912 3027; x_wconf 90' lang='lat' dir='ltr'><strong>usus</strong></span> <span class='ocrx_word' id='word_1_334' title='bbox 928 2963 1185 3029; x_wconf 88' lang='lat' dir='ltr'><strong>interiectionum</strong></span> <span class='ocrx_word' id='word_1_335' title='bbox 1209 2980 1251 3026; x_wconf 81' lang='lat' dir='ltr'><strong>ex</strong></span> <span class='ocrx_word' id='word_1_336' title='bbox 1266 2963 1378 3046; x_wconf 89' lang='lat' dir='ltr'><strong>lingua</strong></span> <span class='ocrx_word' id='word_1_337' title='bbox 1393 2965 1562 3047; x_wconf 88' lang='lat' dir='ltr'><strong>peregrina</strong></span> <span class='ocrx_word' id='word_1_338' title='bbox 1581 2963 1765 3045; x_wconf 89' lang='lat' dir='ltr'><strong>petitarum.</strong></span> <span class='ocrx_word' id='word_1_339' title='bbox 1809 2961 1895 3026; x_wconf 90' lang='lat' dir='ltr'><strong>Nam</strong></span> <span class='ocrx_word' id='word_1_340' title='bbox 1910 2982 1980 3026; x_wconf 87' lang='lat' dir='ltr'><strong>cum</strong></span> 
     </span>
     <span class='ocr_line' id='line_1_29' title="bbox 181 3051 1982 3136; baseline -0.001 -19"><span class='ocrx_word' id='word_1_341' title='bbox 181 3053 335 3117; x_wconf 85' lang='lat' dir='ltr'><strong>Germani</strong></span> <span class='ocrx_word' id='word_1_342' title='bbox 359 3071 401 3118; x_wconf 83' lang='lat' dir='ltr'><strong>ex</strong></span> <span class='ocrx_word' id='word_1_343' title='bbox 423 3057 491 3118; x_wconf 89' lang='lat' dir='ltr'><strong>arte</strong></span> <span class='ocrx_word' id='word_1_344' title='bbox 514 3054 638 3117; x_wconf 87' lang='lat' dir='ltr'><strong>musica</strong></span> <span class='ocrx_word' id='word_1_345' title='bbox 660 3052 712 3117; x_wconf 82' lang='lat' dir='ltr'><strong>vel</strong></span> <span class='ocrx_word' id='word_1_346' title='bbox 736 3052 980 3136; x_wconf 84' lang='lat' dir='ltr'><strong>exspectaculo</strong></span> <span class='ocrx_word' id='word_1_347' title='bbox 1004 3055 1129 3116; x_wconf 88' lang='lat' dir='ltr'><strong>tantum</strong></span> <span class='ocrx_word' id='word_1_348' title='bbox 1153 3051 1308 3136; x_wconf 89' lang='lat' dir='ltr'><strong>gaudium</strong></span> <span class='ocrx_word' id='word_1_349' title='bbox 1332 3056 1497 3135; x_wconf 88' lang='lat' dir='ltr'><strong>oeperunt,</strong></span> <span class='ocrx_word' id='word_1_350' title='bbox 1529 3055 1567 3115; x_wconf 91' lang='lat' dir='ltr'><strong>ut</strong></span> <span class='ocrx_word' id='word_1_351' title='bbox 1588 3069 1656 3115; x_wconf 90' lang='lat' dir='ltr'><strong>rem</strong></span> <span class='ocrx_word' id='word_1_352' title='bbox 1678 3054 1839 3130; x_wconf 86' lang='lat' dir='ltr'><strong>revocent,</strong></span> <span class='ocrx_word' id='word_1_353' title='bbox 1876 3051 1982 3117; x_wconf 81' lang='lat' dir='ltr'><strong>verbis</strong></span> 
     </span>
     <span class='ocr_line' id='line_1_30' title="bbox 180 3138 1982 3226; baseline -0.001 -20"><span class='ocrx_word' id='word_1_354' title='bbox 180 3142 300 3206; x_wconf 87' lang='lat' dir='ltr'><strong>italicis</strong></span> <span class='ocrx_word' id='word_1_355' title='bbox 324 3145 451 3206; x_wconf 85' lang='lat' dir='ltr'><strong>utentes</strong></span> <span class='ocrx_word' id='word_1_356' title='bbox 473 3140 584 3224; x_wconf 87' lang='lat' dir='ltr'><strong>bravo,</strong></span> <span class='ocrx_word' id='word_1_357' title='bbox 606 3141 648 3206; x_wconf 89' lang='lat' dir='ltr'><strong>da</strong></span> <span class='ocrx_word' id='word_1_358' title='bbox 672 3160 749 3226; x_wconf 89' lang='lat' dir='ltr'><strong>capo</strong></span> <span class='ocrx_word' id='word_1_359' title='bbox 773 3140 984 3222; x_wconf 89' lang='lat' dir='ltr'><strong>conclamant,</strong></span> <span class='ocrx_word' id='word_1_360' title='bbox 1010 3139 1210 3224; x_wconf 86' lang='lat' dir='ltr'><strong>Francogalli</strong></span> <span class='ocrx_word' id='word_1_361' title='bbox 1234 3140 1346 3206; x_wconf 85' lang='lat' dir='ltr'><strong>Latine</strong></span> <span class='ocrx_word' id='word_1_362' title='bbox 1370 3139 1428 3221; x_wconf 89' lang='lat' dir='ltr'><strong>bis,</strong></span> <span class='ocrx_word' id='word_1_363' title='bbox 1460 3139 1609 3204; x_wconf 89' lang='lat' dir='ltr'><strong>Britanni</strong></span> <span class='ocrx_word' id='word_1_364' title='bbox 1631 3157 1720 3204; x_wconf 90' lang='lat' dir='ltr'><strong>more</strong></span> <span class='ocrx_word' id='word_1_365' title='bbox 1742 3138 1982 3222; x_wconf 81' lang='lat' dir='ltr'><strong>Franoogailico</strong></span> 
     </span>
     <span class='ocr_line' id='line_1_31' title="bbox 181 3227 1982 3315; baseline -0.001 -20"><span class='ocrx_word' id='word_1_366' title='bbox 181 3249 312 3303; x_wconf 73' lang='lat' dir='ltr'><strong>encore:</strong></span> <span class='ocrx_word' id='word_1_367' title='bbox 336 3230 369 3294; x_wconf 92' lang='lat' dir='ltr'><strong>hi</strong></span> <span class='ocrx_word' id='word_1_368' title='bbox 393 3231 457 3294; x_wconf 93' lang='lat' dir='ltr'><strong>duo</strong></span> <span class='ocrx_word' id='word_1_369' title='bbox 480 3231 591 3315; x_wconf 94' lang='lat' dir='ltr'><strong>populi</strong></span> <span class='ocrx_word' id='word_1_370' title='bbox 613 3231 709 3296; x_wconf 89' lang='lat' dir='ltr'><strong>etiam</strong></span> <span class='ocrx_word' id='word_1_371' title='bbox 733 3248 817 3296; x_wconf 81' lang='lat' dir='ltr'><strong>nova</strong></span> <span class='ocrx_word' id='word_1_372' title='bbox 840 3229 879 3295; x_wconf 88' lang='lat' dir='ltr'><strong>ab</strong></span> <span class='ocrx_word' id='word_1_373' title='bbox 903 3229 953 3295; x_wconf 89' lang='lat' dir='ltr'><strong>bis</strong></span> <span class='ocrx_word' id='word_1_374' title='bbox 976 3229 1254 3295; x_wconf 87' lang='lat' dir='ltr'><strong>interiectionibus</strong></span> <span class='ocrx_word' id='word_1_375' title='bbox 1276 3227 1376 3296; x_wconf 83' lang='lat' dir='ltr'><strong>verba</strong></span> <span class='ocrx_word' id='word_1_376' title='bbox 1399 3228 1583 3295; x_wconf 84' lang='lat' dir='ltr'><strong>derivantes</strong></span> <span class='ocrx_word' id='word_1_377' title='bbox 1606 3228 1732 3293; x_wconf 88' lang='lat' dir='ltr'><strong>dicunt:</strong></span> <span class='ocrx_word' id='word_1_378' title='bbox 1756 3227 1884 3292; x_wconf 82' lang='lat' dir='ltr'><strong>ilabte</strong></span> <span class='ocrx_word' id='word_1_379' title='bbox 1901 3228 1982 3294; x_wconf 81' lang='lat' dir='ltr'><strong>bisse</strong></span> 
     </span>
     <span class='ocr_line' id='line_1_32' title="bbox 183 3318 652 3387; baseline 0.009 -4"><span class='ocrx_word' id='word_1_380' title='bbox 183 3320 234 3385; x_wconf 85' lang='lat' dir='ltr'><strong>vel</strong></span> <span class='ocrx_word' id='word_1_381' title='bbox 257 3320 298 3384; x_wconf 90' lang='lat' dir='ltr'><strong>ha</strong></span> <span class='ocrx_word' id='word_1_382' title='bbox 320 3319 378 3384; x_wconf 87' lang='lat' dir='ltr'><strong>has</strong></span> <span class='ocrx_word' id='word_1_383' title='bbox 400 3318 481 3384; x_wconf 91' lang='lat' dir='ltr'><strong>been</strong></span> <span class='ocrx_word' id='word_1_384' title='bbox 505 3320 652 3387; x_wconf 86' lang='lat' dir='ltr'><strong>encored.</strong></span> 
     </span>
    </p>

    <p class='ocr_par' dir='ltr' id='par_1_4' title="bbox 179 3405 1985 4205">
     <span class='ocr_line' id='line_1_33' title="bbox 340 3405 1982 3493; baseline 0 -22"><span class='ocrx_word' id='word_1_385' title='bbox 340 3407 468 3473; x_wconf 86' lang='lat' dir='ltr'><strong>Litteris</strong></span> <span class='ocrx_word' id='word_1_386' title='bbox 494 3407 624 3474; x_wconf 83' lang='lat' dir='ltr'><strong>Graecis</strong></span> <span class='ocrx_word' id='word_1_387' title='bbox 650 3407 787 3474; x_wconf 87' lang='lat' dir='ltr'><strong>Romani</strong></span> <span class='ocrx_word' id='word_1_388' title='bbox 819 3407 980 3474; x_wconf 89' lang='lat' dir='ltr'><strong>etiamad</strong></span> <span class='ocrx_word' id='word_1_389' title='bbox 1006 3425 1158 3492; x_wconf 87' lang='lat' dir='ltr'><strong>personas</strong></span> <span class='ocrx_word' id='word_1_390' title='bbox 1184 3408 1412 3493; x_wconf 87' lang='lat' dir='ltr'><strong>significandas</strong></span> <span class='ocrx_word' id='word_1_391' title='bbox 1434 3406 1621 3473; x_wconf 87' lang='lat' dir='ltr'><strong>utebantur:</strong></span> <span class='ocrx_word' id='word_1_392' title='bbox 1659 3426 1697 3473; x_wconf 90' lang='lat' dir='ltr'><strong>eo</strong></span> <span class='ocrx_word' id='word_1_393' title='bbox 1721 3406 1859 3490; x_wconf 89' lang='lat' dir='ltr'><strong>pertinet</strong></span> <span class='ocrx_word' id='word_1_394' title='bbox 1892 3405 1982 3488; x_wconf 90' lang='lat' dir='ltr'><strong>illud,</strong></span> 
     </span>
     <span class='ocr_line' id='line_1_34' title="bbox 181 3493 1983 3583; baseline -0.002 -21"><span class='ocrx_word' id='word_1_395' title='bbox 181 3499 266 3583; x_wconf 90' lang='lat' dir='ltr'><strong>quod</strong></span> <span class='ocrx_word' id='word_1_396' title='bbox 280 3496 444 3578; x_wconf 86' lang='lat' dir='ltr'><strong>Martialis,</strong></span> <span class='ocrx_word' id='word_1_397' title='bbox 464 3499 582 3562; x_wconf 92' lang='lat' dir='ltr'><strong>cumin</strong></span> <span class='ocrx_word' id='word_1_398' title='bbox 595 3499 883 3579; x_wconf 88' lang='lat' dir='ltr'><strong>obartaiooaretur‚</strong></span> <span class='ocrx_word' id='word_1_399' title='bbox 905 3516 1009 3562; x_wconf 89' lang='lat' dir='ltr'><strong>unum</strong></span> <span class='ocrx_word' id='word_1_400' title='bbox 1032 3499 1199 3563; x_wconf 80' lang='lat' dir='ltr'><strong>examinis</strong></span> <span class='ocrx_word' id='word_1_401' title='bbox 1221 3498 1316 3582; x_wconf 87' lang='lat' dir='ltr'><strong>alpha</strong></span> <span class='ocrx_word' id='word_1_402' title='bbox 1338 3496 1585 3580; x_wconf 90' lang='lat' dir='ltr'><strong>paenulatorum</strong></span> <span class='ocrx_word' id='word_1_403' title='bbox 1609 3493 1760 3578; x_wconf 53' lang='lat' dir='ltr'><strong>vocatae)</strong></span> <span class='ocrx_word' id='word_1_404' title='bbox 1787 3496 1844 3578; x_wconf 92' lang='lat' dir='ltr'><strong>qui</strong></span> <span class='ocrx_word' id='word_1_405' title='bbox 1866 3513 1983 3561; x_wconf 87' lang='lat' dir='ltr'><strong>versus</strong></span> 
     </span>
     <span class='ocr_line' id='line_1_35' title="bbox 181 3581 1982 3671; baseline -0.002 -20"><span class='ocrx_word' id='word_1_406' title='bbox 181 3607 253 3651; x_wconf 89' lang='lat' dir='ltr'><strong>oum</strong></span> <span class='ocrx_word' id='word_1_407' title='bbox 278 3586 374 3652; x_wconf 91' lang='lat' dir='ltr'><strong>bilem</strong></span> <span class='ocrx_word' id='word_1_408' title='bbox 398 3588 501 3651; x_wconf 89' lang='lat' dir='ltr'><strong>amico</strong></span> <span class='ocrx_word' id='word_1_409' title='bbox 523 3588 686 3668; x_wconf 81' lang='lat' dir='ltr'><strong>movisset,</strong></span> <span class='ocrx_word' id='word_1_410' title='bbox 708 3604 782 3651; x_wconf 90' lang='lat' dir='ltr'><strong>eum</strong></span> <span class='ocrx_word' id='word_1_411' title='bbox 798 3587 843 3650; x_wconf 90' lang='lat' dir='ltr'><strong>ita</strong></span> <span class='ocrx_word' id='word_1_412' title='bbox 863 3585 1266 3671; x_wconf 87' lang='lat' dir='ltr'><strong>consolatur,utseipsum</strong></span> <span class='ocrx_word' id='word_1_413' title='bbox 1290 3584 1363 3650; x_wconf 88' lang='lat' dir='ltr'><strong>beta</strong></span> <span class='ocrx_word' id='word_1_414' title='bbox 1385 3590 1564 3668; x_wconf 87' lang='lat' dir='ltr'><strong>togatorum</strong></span> <span class='ocrx_word' id='word_1_415' title='bbox 1588 3581 1782 3668; x_wconf 66' lang='lat' dir='ltr'><strong>nominetffi)</strong></span> <span class='ocrx_word' id='word_1_416' title='bbox 1824 3582 1899 3648; x_wconf 89' lang='lat' dir='ltr'><strong>Hoc</strong></span> <span class='ocrx_word' id='word_1_417' title='bbox 1914 3584 1982 3649; x_wconf 88' lang='lat' dir='ltr'><strong>loco</strong></span> 
     </span>
     <span class='ocr_line' id='line_1_36' title="bbox 179 3667 1984 3760; baseline -0.002 -20"><span class='ocrx_word' id='word_1_418' title='bbox 179 3681 207 3740; x_wconf 76' lang='lat' dir='ltr'><strong>o</strong></span> <span class='ocrx_word' id='word_1_419' title='bbox 237 3675 318 3740; x_wconf 91' lang='lat' dir='ltr'><strong>illud</strong></span> <span class='ocrx_word' id='word_1_420' title='bbox 341 3676 658 3741; x_wconf 89' lang='lat' dir='ltr'><strong>commemorandum</strong></span> <span class='ocrx_word' id='word_1_421' title='bbox 687 3679 743 3758; x_wconf 87' lang='lat' dir='ltr'><strong>est,</strong></span> <span class='ocrx_word' id='word_1_422' title='bbox 783 3674 871 3760; x_wconf 90' lang='lat' dir='ltr'><strong>quod</strong></span> <span class='ocrx_word' id='word_1_423' title='bbox 898 3674 1083 3741; x_wconf 87' lang='lat' dir='ltr'><strong>nominibus</strong></span> <span class='ocrx_word' id='word_1_424' title='bbox 1109 3681 1311 3740; x_wconf 86' lang='lat' dir='ltr'><strong>mortuoram</strong></span> <span class='ocrx_word' id='word_1_425' title='bbox 1335 3674 1570 3758; x_wconf 87' lang='lat' dir='ltr'><strong>praefigebatur</strong></span> <span class='ocrx_word' id='word_1_426' title='bbox 1591 3674 1626 3736; x_wconf 92' lang='lat' dir='ltr'><strong>in</strong></span> <span class='ocrx_word' id='word_1_427' title='bbox 1659 3673 1817 3757; x_wconf 88' lang='lat' dir='ltr'><strong>sepulcris</strong></span> <span class='ocrx_word' id='word_1_428' title='bbox 1844 3667 1984 3755; x_wconf 75' lang='grc' dir='ltr'><strong>(θανών)</strong></span> 
     </span>
     <span class='ocr_line' id='line_1_37' title="bbox 182 3758 1985 3850; baseline -0.001 -23"><span class='ocrx_word' id='word_1_429' title='bbox 182 3764 333 3849; x_wconf 89' lang='lat' dir='ltr'><strong>quodque</strong></span> <span class='ocrx_word' id='word_1_430' title='bbox 356 3764 501 3828; x_wconf 91' lang='lat' dir='ltr'><strong>iudicum</strong></span> <span class='ocrx_word' id='word_1_431' title='bbox 523 3766 653 3850; x_wconf 88' lang='lat' dir='ltr'><strong>signum</strong></span> <span class='ocrx_word' id='word_1_432' title='bbox 677 3769 754 3847; x_wconf 89' lang='lat' dir='ltr'><strong>erat,</strong></span> <span class='ocrx_word' id='word_1_433' title='bbox 776 3767 805 3828; x_wconf 90' lang='lat' dir='ltr'><strong>si</strong></span> <span class='ocrx_word' id='word_1_434' title='bbox 827 3783 926 3848; x_wconf 92' lang='lat' dir='ltr'><strong>quem</strong></span> <span class='ocrx_word' id='word_1_435' title='bbox 948 3765 1061 3848; x_wconf 89' lang='lat' dir='ltr'><strong>capitis</strong></span> <span class='ocrx_word' id='word_1_436' title='bbox 1084 3763 1287 3847; x_wconf 88' lang='lat' dir='ltr'><strong>damnabant,</strong></span> <span class='ocrx_word' id='word_1_437' title='bbox 1313 3763 1400 3829; x_wconf 91' lang='lat' dir='ltr'><strong>unde</strong></span> <span class='ocrx_word' id='word_1_438' title='bbox 1424 3764 1556 3829; x_wconf 87' lang='lat' dir='ltr'><strong>Persius</strong></span> <span class='ocrx_word' id='word_1_439' title='bbox 1578 3764 1708 3845; x_wconf 89' lang='lat' dir='ltr'><strong>nigrum</strong></span> <span class='ocrx_word' id='word_1_440' title='bbox 1731 3762 1816 3825; x_wconf 88' lang='lat' dir='ltr'><strong>theta</strong></span> <span class='ocrx_word' id='word_1_441' title='bbox 1842 3758 1985 3846; x_wconf 62' lang='lat' dir='ltr'><strong>vocatli)</strong></span> 
     </span>
     <span class='ocr_line' id='line_1_38' title="bbox 180 3849 1985 3940; baseline -0.002 -24"><span class='ocrx_word' id='word_1_442' title='bbox 180 3852 337 3917; x_wconf 90' lang='lat' dir='ltr'><strong>Martialis</strong></span> <span class='ocrx_word' id='word_1_443' title='bbox 371 3851 570 3918; x_wconf 82' lang='lat' dir='ltr'><strong>mortiterum</strong></span> <span class='ocrx_word' id='word_1_444' title='bbox 605 3858 636 3919; x_wconf 87' lang='lat' dir='ltr'><strong>et</strong></span> <span class='ocrx_word' id='word_1_445' title='bbox 666 3850 812 3940; x_wconf 69' lang='lat' dir='ltr'><strong>latalalt)</strong></span> <span class='ocrx_word' id='word_1_446' title='bbox 857 3852 1060 3937; x_wconf 81' lang='lat' dir='ltr'><strong>Quantopere</strong></span> <span class='ocrx_word' id='word_1_447' title='bbox 1095 3855 1225 3918; x_wconf 93' lang='lat' dir='ltr'><strong>omnino</strong></span> <span class='ocrx_word' id='word_1_448' title='bbox 1255 3852 1392 3919; x_wconf 89' lang='lat' dir='ltr'><strong>Romani</strong></span> <span class='ocrx_word' id='word_1_449' title='bbox 1421 3852 1568 3918; x_wconf 78' lang='lat' dir='ltr'><strong>formulis</strong></span> <span class='ocrx_word' id='word_1_450' title='bbox 1596 3849 1727 3915; x_wconf 84' lang='lat' dir='ltr'><strong>Graecis</strong></span> <span class='ocrx_word' id='word_1_451' title='bbox 1754 3850 1789 3913; x_wconf 91' lang='lat' dir='ltr'><strong>in</strong></span> <span class='ocrx_word' id='word_1_452' title='bbox 1812 3850 1879 3912; x_wconf 87' lang='lat' dir='ltr'><strong>vita</strong></span> <span class='ocrx_word' id='word_1_453' title='bbox 1902 3869 1985 3933; x_wconf 87' lang='lat' dir='ltr'><strong>quo·</strong></span> 
     </span>
     <span class='ocr_line' id='line_1_39' title="bbox 180 3937 1983 4026; baseline -0.003 -20"><span class='ocrx_word' id='word_1_454' title='bbox 180 3942 301 4006; x_wconf 90' lang='lat' dir='ltr'><strong>tidiana</strong></span> <span class='ocrx_word' id='word_1_455' title='bbox 324 3943 375 4006; x_wconf 90' lang='lat' dir='ltr'><strong>usi</strong></span> <span class='ocrx_word' id='word_1_456' title='bbox 398 3942 472 4024; x_wconf 85' lang='lat' dir='ltr'><strong>sint,</strong></span> <span class='ocrx_word' id='word_1_457' title='bbox 505 3960 547 4006; x_wconf 81' lang='lat' dir='ltr'><strong>er</strong></span> <span class='ocrx_word' id='word_1_458' title='bbox 581 3960 619 4006; x_wconf 90' lang='lat' dir='ltr'><strong>eo</strong></span> <span class='ocrx_word' id='word_1_459' title='bbox 657 3945 795 4026; x_wconf 89' lang='lat' dir='ltr'><strong>aparet,</strong></span> <span class='ocrx_word' id='word_1_460' title='bbox 827 3942 912 4026; x_wconf 91' lang='lat' dir='ltr'><strong>qnod</strong></span> <span class='ocrx_word' id='word_1_461' title='bbox 942 3943 1037 4008; x_wconf 85' lang='lat' dir='ltr'><strong>etiam</strong></span> <span class='ocrx_word' id='word_1_462' title='bbox 1065 3961 1141 4009; x_wconf 88' lang='lat' dir='ltr'><strong>aves</strong></span> <span class='ocrx_word' id='word_1_463' title='bbox 1171 3940 1269 4008; x_wconf 85' lang='lat' dir='ltr'><strong>verba</strong></span> <span class='ocrx_word' id='word_1_464' title='bbox 1291 3939 1417 4006; x_wconf 83' lang='lat' dir='ltr'><strong>Graeca</strong></span> <span class='ocrx_word' id='word_1_465' title='bbox 1443 3941 1563 4006; x_wconf 87' lang='lat' dir='ltr'><strong>imitari</strong></span> <span class='ocrx_word' id='word_1_466' title='bbox 1585 3938 1749 4019; x_wconf 86' lang='lat' dir='ltr'><strong>docebant,</strong></span> <span class='ocrx_word' id='word_1_467' title='bbox 1777 3937 1983 4021; x_wconf 88' lang='lat' dir='ltr'><strong>potissimum</strong></span> 
     </span>
     <span class='ocr_line' id='line_1_40' title="bbox 180 4023 1982 4118; baseline -0.002 -24"><span class='ocrx_word' id='word_1_468' title='bbox 180 4030 333 4095; x_wconf 82' lang='lat' dir='ltr'><strong>formulas</strong></span> <span class='ocrx_word' id='word_1_469' title='bbox 356 4029 517 4094; x_wconf 89' lang='lat' dir='ltr'><strong>salutandi</strong></span> <span class='ocrx_word' id='word_1_470' title='bbox 540 4033 641 4118; x_wconf 80' lang='grc' dir='ltr'><strong><em>χοῖρε,</em></strong></span> <span class='ocrx_word' id='word_1_471' title='bbox 664 4053 698 4098; x_wconf 85' lang='lat' dir='ltr'><strong>aa</strong></span> <span class='ocrx_word' id='word_1_472' title='bbox 719 4031 858 4118; x_wconf 79' lang='grc' dir='ltr'><strong><em>πρᾶσσε,</em></strong></span> <span class='ocrx_word' id='word_1_473' title='bbox 880 4025 960 4108; x_wconf 77' lang='grc' dir='ltr'><strong><em>Ζεὺς</em></strong></span> <span class='ocrx_word' id='word_1_474' title='bbox 982 4031 1083 4109; x_wconf 75' lang='grc' dir='ltr'><strong><em>ἵλεως.</em></strong></span> <span class='ocrx_word' id='word_1_475' title='bbox 1130 4032 1180 4096; x_wconf 86' lang='lat' dir='ltr'><strong>lta</strong></span> <span class='ocrx_word' id='word_1_476' title='bbox 1207 4032 1361 4115; x_wconf 85' lang='lat' dir='ltr'><strong>psittacus</strong></span> <span class='ocrx_word' id='word_1_477' title='bbox 1384 4031 1476 4116; x_wconf 77' lang='grc' dir='ltr'><strong><em>χαῖρε</em></strong></span> <span class='ocrx_word' id='word_1_478' title='bbox 1498 4025 1646 4114; x_wconf 56' lang='lat' dir='ltr'><strong>anhalt)</strong></span> <span class='ocrx_word' id='word_1_479' title='bbox 1669 4029 1741 4112; x_wconf 92' lang='lat' dir='ltr'><strong>pica</strong></span> <span class='ocrx_word' id='word_1_480' title='bbox 1764 4023 1982 4112; x_wconf 63' lang='lat' dir='ltr'><strong>salutatrixffl)</strong></span> 
     </span>
     <span class='ocr_line' id='line_1_41' title="bbox 182 4116 1559 4205; baseline 0.001 -23"><span class='ocrx_word' id='word_1_481' title='bbox 182 4120 233 4184; x_wconf 88' lang='lat' dir='ltr'><strong>vel</strong></span> <span class='ocrx_word' id='word_1_482' title='bbox 256 4119 377 4202; x_wconf 82' lang='lat' dir='ltr'><strong>loquax</strong></span> <span class='ocrx_word' id='word_1_483' title='bbox 400 4125 486 4184; x_wconf 85' lang='lat' dir='ltr'><strong>certa</strong></span> <span class='ocrx_word' id='word_1_484' title='bbox 509 4139 587 4185; x_wconf 84' lang='lat' dir='ltr'><strong>voce</strong></span> <span class='ocrx_word' id='word_1_485' title='bbox 610 4120 776 4186; x_wconf 91' lang='lat' dir='ltr'><strong>dominum</strong></span> <span class='ocrx_word' id='word_1_486' title='bbox 800 4117 970 4205; x_wconf 64' lang='lat' dir='ltr'><strong>salutatffi)</strong></span> <span class='ocrx_word' id='word_1_487' title='bbox 994 4139 1110 4186; x_wconf 81' lang='lat' dir='ltr'><strong>corvus</strong></span> <span class='ocrx_word' id='word_1_488' title='bbox 1133 4121 1288 4186; x_wconf 87' lang='lat' dir='ltr'><strong>salutator</strong></span> <span class='ocrx_word' id='word_1_489' title='bbox 1311 4120 1391 4185; x_wconf 89' lang='lat' dir='ltr'><strong>bave</strong></span> <span class='ocrx_word' id='word_1_490' title='bbox 1414 4116 1559 4202; x_wconf 82' lang='lat' dir='ltr'><strong>sonat.22)</strong></span> 
     </span>
    </p>

    <p class='ocr_par' dir='ltr' id='par_1_5' title="bbox 179 4205 1985 4562">
     <span class='ocr_line' id='line_1_42' title="bbox 341 4205 1985 4294; baseline -0.002 -24"><span class='ocrx_word' id='word_1_491' title='bbox 341 4206 511 4292; x_wconf 85' lang='lat' dir='ltr'><strong>Quoniam,</strong></span> <span class='ocrx_word' id='word_1_492' title='bbox 533 4229 614 4294; x_wconf 91' lang='lat' dir='ltr'><strong>quae</strong></span> <span class='ocrx_word' id='word_1_493' title='bbox 636 4210 734 4277; x_wconf 84' lang='lat' dir='ltr'><strong>fuerit</strong></span> <span class='ocrx_word' id='word_1_494' title='bbox 755 4211 930 4275; x_wconf 87' lang='lat' dir='ltr'><strong>auctoritas</strong></span> <span class='ocrx_word' id='word_1_495' title='bbox 952 4215 984 4274; x_wconf 88' lang='lat' dir='ltr'><strong>et</strong></span> <span class='ocrx_word' id='word_1_496' title='bbox 1007 4210 1055 4274; x_wconf 85' lang='lat' dir='ltr'><strong>vis</strong></span> <span class='ocrx_word' id='word_1_497' title='bbox 1076 4209 1208 4293; x_wconf 90' lang='lat' dir='ltr'><strong>linguae</strong></span> <span class='ocrx_word' id='word_1_498' title='bbox 1231 4210 1370 4275; x_wconf 86' lang='lat' dir='ltr'><strong>Graecae</strong></span> <span class='ocrx_word' id='word_1_499' title='bbox 1392 4210 1426 4272; x_wconf 92' lang='lat' dir='ltr'><strong>in</strong></span> <span class='ocrx_word' id='word_1_500' title='bbox 1450 4209 1602 4273; x_wconf 85' lang='lat' dir='ltr'><strong>universa</strong></span> <span class='ocrx_word' id='word_1_501' title='bbox 1619 4205 1839 4271; x_wconf 55' lang='lat' dir='ltr'><strong>&amp;manorum</strong></span> <span class='ocrx_word' id='word_1_502' title='bbox 1863 4205 1931 4268; x_wconf 85' lang='lat' dir='ltr'><strong>vita</strong></span> <span class='ocrx_word' id='word_1_503' title='bbox 1952 4208 1985 4269; x_wconf 89' lang='lat' dir='ltr'><strong>et</strong></span> 
     </span>
     <span class='ocr_line' id='line_1_43' title="bbox 181 4293 1983 4383; baseline -0.003 -21"><span class='ocrx_word' id='word_1_504' title='bbox 181 4298 282 4380; x_wconf 86' lang='lat' dir='ltr'><strong>cultu,</strong></span> <span class='ocrx_word' id='word_1_505' title='bbox 299 4297 456 4381; x_wconf 84' lang='lat' dir='ltr'><strong>exemplis</strong></span> <span class='ocrx_word' id='word_1_506' title='bbox 480 4317 499 4360; x_wconf 90' lang='lat' dir='ltr'><strong>a</strong></span> <span class='ocrx_word' id='word_1_507' title='bbox 520 4300 622 4381; x_wconf 90' lang='lat' dir='ltr'><strong>poetis</strong></span> <span class='ocrx_word' id='word_1_508' title='bbox 645 4301 762 4364; x_wconf 90' lang='lat' dir='ltr'><strong>nostris</strong></span> <span class='ocrx_word' id='word_1_509' title='bbox 787 4301 895 4383; x_wconf 88' lang='lat' dir='ltr'><strong>petitis</strong></span> <span class='ocrx_word' id='word_1_510' title='bbox 918 4299 996 4363; x_wconf 83' lang='lat' dir='ltr'><strong>satis</strong></span> <span class='ocrx_word' id='word_1_511' title='bbox 1018 4300 1207 4382; x_wconf 85' lang='lat' dir='ltr'><strong>exposuisse</strong></span> <span class='ocrx_word' id='word_1_512' title='bbox 1222 4299 1301 4362; x_wconf 91' lang='lat' dir='ltr'><strong>mihi</strong></span> <span class='ocrx_word' id='word_1_513' title='bbox 1317 4296 1436 4377; x_wconf 85' lang='lat' dir='ltr'><strong>videor,</strong></span> <span class='ocrx_word' id='word_1_514' title='bbox 1452 4298 1515 4360; x_wconf 90' lang='lat' dir='ltr'><strong>iam</strong></span> <span class='ocrx_word' id='word_1_515' title='bbox 1538 4295 1708 4360; x_wconf 90' lang='lat' dir='ltr'><strong>redeamus</strong></span> <span class='ocrx_word' id='word_1_516' title='bbox 1725 4293 1885 4358; x_wconf 82' lang='lat' dir='ltr'><strong>advarias</strong></span> <span class='ocrx_word' id='word_1_517' title='bbox 1909 4312 1983 4357; x_wconf 93' lang='lat' dir='ltr'><strong>con·</strong></span> 
     </span>
     <span class='ocr_line' id='line_1_44' title="bbox 180 4380 1985 4470; baseline -0.003 -18"><span class='ocrx_word' id='word_1_518' title='bbox 180 4388 328 4468; x_wconf 88' lang='lat' dir='ltr'><strong>ditiones,</strong></span> <span class='ocrx_word' id='word_1_519' title='bbox 360 4383 479 4470; x_wconf 89' lang='lat' dir='ltr'><strong>quibus</strong></span> <span class='ocrx_word' id='word_1_520' title='bbox 503 4385 641 4452; x_wconf 83' lang='lat' dir='ltr'><strong>Graecos</strong></span> <span class='ocrx_word' id='word_1_521' title='bbox 662 4386 780 4452; x_wconf 88' lang='lat' dir='ltr'><strong>Romae</strong></span> <span class='ocrx_word' id='word_1_522' title='bbox 804 4387 976 4470; x_wconf 82' lang='lat' dir='ltr'><strong>iungentes</strong></span> <span class='ocrx_word' id='word_1_523' title='bbox 997 4387 1190 4452; x_wconf 85' lang='lat' dir='ltr'><strong>invenimus.</strong></span> <span class='ocrx_word' id='word_1_524' title='bbox 1224 4384 1291 4450; x_wconf 82' lang='lat' dir='ltr'><strong>Sub</strong></span> <span class='ocrx_word' id='word_1_525' title='bbox 1308 4385 1406 4449; x_wconf 84' lang='lat' dir='ltr'><strong>tinem</strong></span> <span class='ocrx_word' id='word_1_526' title='bbox 1428 4383 1623 4469; x_wconf 90' lang='lat' dir='ltr'><strong>reipublicae</strong></span> <span class='ocrx_word' id='word_1_527' title='bbox 1640 4384 1672 4447; x_wconf 93' lang='lat' dir='ltr'><strong>in</strong></span> <span class='ocrx_word' id='word_1_528' title='bbox 1692 4400 1799 4447; x_wconf 90' lang='lat' dir='ltr'><strong>mores</strong></span> <span class='ocrx_word' id='word_1_529' title='bbox 1819 4380 1985 4447; x_wconf 85' lang='lat' dir='ltr'><strong>Romanos</strong></span> 
     </span>
     <span class='ocr_line' id='line_1_45' title="bbox 179 4469 1985 4562; baseline -0.001 -24"><span class='ocrx_word' id='word_1_530' title='bbox 179 4477 314 4557; x_wconf 86' lang='lat' dir='ltr'><strong>transiit,</strong></span> <span class='ocrx_word' id='word_1_531' title='bbox 329 4481 367 4539; x_wconf 92' lang='lat' dir='ltr'><strong>nt</strong></span> <span class='ocrx_word' id='word_1_532' title='bbox 388 4475 685 4559; x_wconf 89' lang='lat' dir='ltr'><strong>puerisemanibus</strong></span> <span class='ocrx_word' id='word_1_533' title='bbox 700 4477 836 4540; x_wconf 89' lang='lat' dir='ltr'><strong>nutricis</strong></span> <span class='ocrx_word' id='word_1_534' title='bbox 853 4475 994 4541; x_wconf 90' lang='lat' dir='ltr'><strong>dimissis</strong></span> <span class='ocrx_word' id='word_1_535' title='bbox 1010 4475 1214 4562; x_wconf 88' lang='lat' dir='ltr'><strong>paedagogus</strong></span> <span class='ocrx_word' id='word_1_536' title='bbox 1227 4474 1371 4540; x_wconf 81' lang='lat' dir='ltr'><strong>Graecus</strong></span> <span class='ocrx_word' id='word_1_537' title='bbox 1383 4473 1613 4559; x_wconf 88' lang='lat' dir='ltr'><strong>adiungeretur</strong></span> <span class='ocrx_word' id='word_1_538' title='bbox 1628 4476 1755 4556; x_wconf 91' lang='lat' dir='ltr'><strong>„custos</strong></span> <span class='ocrx_word' id='word_1_539' title='bbox 1768 4469 1985 4553; x_wconf 86' lang='lat' dir='ltr'><strong>assiduusque</strong></span> 
     </span>
    </p>
   </div>
   <div class='ocr_carea' id='block_1_3' title="bbox 179 4680 1985 4970">
    <p class='ocr_par' dir='ltr' id='par_1_6' title="bbox 179 4680 1985 4970">
     <span class='ocr_line' id='line_1_46' title="bbox 338 4680 1985 4756; baseline -0.003 -14"><span class='ocrx_word' id='word_1_540' title='bbox 338 4685 366 4756; x_wconf 86' lang='lat'><strong>1)</strong></span> <span class='ocrx_word' id='word_1_541' title='bbox 384 4685 418 4744; x_wconf 89' lang='lat'><strong>11.</strong></span> <span class='ocrx_word' id='word_1_542' title='bbox 429 4686 479 4751; x_wconf 69' lang='lat' dir='ltr'><strong>vr</strong></span> <span class='ocrx_word' id='word_1_543' title='bbox 493 4689 554 4744; x_wconf 78' lang='lat' dir='ltr'><strong>aas.</strong></span> <span class='ocrx_word' id='word_1_544' title='bbox 590 4687 617 4756; x_wconf 77' lang='lat' dir='ltr'><strong>a)</strong></span> <span class='ocrx_word' id='word_1_545' title='bbox 636 4686 688 4754; x_wconf 79' lang='lat' dir='ltr'><strong>nr,</strong></span> <span class='ocrx_word' id='word_1_546' title='bbox 707 4688 750 4747; x_wconf 79' lang='lat' dir='ltr'><strong>ss.</strong></span> <span class='ocrx_word' id='word_1_547' title='bbox 786 4687 813 4750; x_wconf 69' lang='lat' dir='ltr'><strong>a)</strong></span> <span class='ocrx_word' id='word_1_548' title='bbox 831 4685 886 4751; x_wconf 90' lang='lat'><strong>111,</strong></span> <span class='ocrx_word' id='word_1_549' title='bbox 905 4687 948 4742; x_wconf 81' lang='lat' dir='ltr'><strong>or.</strong></span> <span class='ocrx_word' id='word_1_550' title='bbox 983 4685 1011 4752; x_wconf 78' lang='lat' dir='ltr'><strong>r)</strong></span> <span class='ocrx_word' id='word_1_551' title='bbox 1029 4684 1095 4753; x_wconf 84' lang='lat' dir='ltr'><strong>vn,</strong></span> <span class='ocrx_word' id='word_1_552' title='bbox 1108 4686 1151 4744; x_wconf 79' lang='lat' dir='ltr'><strong>ea.</strong></span> <span class='ocrx_word' id='word_1_553' title='bbox 1182 4684 1262 4751; x_wconf 81' lang='lat' dir='ltr'><strong>xiv,</strong></span> <span class='ocrx_word' id='word_1_554' title='bbox 1281 4687 1341 4741; x_wconf 79' lang='lat'>201.</span> <span class='ocrx_word' id='word_1_555' title='bbox 1369 4685 1417 4750; x_wconf 86' lang='lat' dir='ltr'><strong>vr,</strong></span> <span class='ocrx_word' id='word_1_556' title='bbox 1430 4686 1454 4740; x_wconf 82' lang='lat' dir='ltr'><strong>o.</strong></span> <span class='ocrx_word' id='word_1_557' title='bbox 1473 4683 1526 4750; x_wconf 74' lang='lat' dir='ltr'><strong>rr,</strong></span> <span class='ocrx_word' id='word_1_558' title='bbox 1539 4687 1581 4744; x_wconf 77' lang='lat' dir='ltr'><strong>aa.</strong></span> <span class='ocrx_word' id='word_1_559' title='bbox 1609 4682 1665 4751; x_wconf 88' lang='lat'><strong>111,</strong></span> <span class='ocrx_word' id='word_1_560' title='bbox 1684 4683 1727 4751; x_wconf 81' lang='lat' dir='ltr'><strong>ar,</strong></span> <span class='ocrx_word' id='word_1_561' title='bbox 1743 4684 1785 4738; x_wconf 81' lang='lat' dir='ltr'><strong>re.</strong></span> <span class='ocrx_word' id='word_1_562' title='bbox 1822 4682 1850 4751; x_wconf 81' lang='lat' dir='ltr'><strong>n)</strong></span> <span class='ocrx_word' id='word_1_563' title='bbox 1869 4680 1921 4746; x_wconf 83' lang='lat' dir='ltr'><strong>1v‚</strong></span> <span class='ocrx_word' id='word_1_564' title='bbox 1939 4683 1985 4738; x_wconf 71' lang='lat' dir='ltr'><strong>aa.</strong></span> 
     </span>
     <span class='ocr_line' id='line_1_47' title="bbox 182 4752 1984 4881; baseline 0.002 -73"><span class='ocrx_word' id='word_1_565' title='bbox 182 4757 209 4826; x_wconf 83' lang='lat' dir='ltr'><strong>a)</strong></span> <span class='ocrx_word' id='word_1_566' title='bbox 229 4756 320 4820; x_wconf 71' lang='lat' dir='ltr'><strong>rura.</strong></span> <span class='ocrx_word' id='word_1_567' title='bbox 367 4759 394 4825; x_wconf 78' lang='lat' dir='ltr'><strong>a)</strong></span> <span class='ocrx_word' id='word_1_568' title='bbox 413 4757 534 4825; x_wconf 71' lang='lat' dir='ltr'><strong>imae</strong></span> <span class='ocrx_word' id='word_1_569' title='bbox 571 4760 598 4825; x_wconf 85' lang='lat' dir='ltr'><strong>a)</strong></span> <span class='ocrx_word' id='word_1_570' title='bbox 620 4758 729 4826; x_wconf 80' lang='lat' dir='ltr'><strong>1x‚1n.</strong></span> <span class='ocrx_word' id='word_1_571' title='bbox 775 4757 925 4869; x_wconf 55' lang='lat' dir='ltr'>9)1x-.11.</span> <span class='ocrx_word' id='word_1_572' title='bbox 963 4757 1005 4821; x_wconf 73' lang='grc' dir='ltr'><strong>ιο)</strong></span> <span class='ocrx_word' id='word_1_573' title='bbox 1030 4756 1151 4866; x_wconf 48' lang='lat' dir='ltr'><strong>[aas.</strong></span> <span class='ocrx_word' id='word_1_574' title='bbox 1190 4758 1241 4868; x_wconf 47' lang='lat'>11.)</span> <span class='ocrx_word' id='word_1_575' title='bbox 1257 4756 1345 4849; x_wconf 64' lang='lat' dir='ltr'><strong>aar.</strong></span> <span class='ocrx_word' id='word_1_576' title='bbox 1384 4755 1428 4824; x_wconf 75' lang='lat' dir='ltr'><strong>ra)</strong></span> <span class='ocrx_word' id='word_1_577' title='bbox 1447 4755 1649 4866; x_wconf 58' lang='lat' dir='ltr'><strong>xasa-13)</strong></span> <span class='ocrx_word' id='word_1_578' title='bbox 1670 4753 1709 4821; x_wconf 91' lang='lat'><strong>11,</strong></span> <span class='ocrx_word' id='word_1_579' title='bbox 1722 4754 1801 4820; x_wconf 66' lang='lat' dir='ltr'><strong>aaa.</strong></span> <span class='ocrx_word' id='word_1_580' title='bbox 1838 4752 1884 4878; x_wconf 61' lang='lat' dir='ltr'><strong>ff)</strong></span> <span class='ocrx_word' id='word_1_581' title='bbox 1896 4753 1984 4881; x_wconf 46' lang='grc' dir='ltr'><strong>ἑοῖ.</strong></span> 
     </span>
     <span class='ocr_line' id='line_1_48' title="bbox 179 4823 1984 4970; baseline -0.001 -16"><span class='ocrx_word' id='word_1_582' title='bbox 179 4827 346 4966; x_wconf 55' lang='lat' dir='ltr'><strong>{iiiiii</strong></span> <span class='ocrx_word' id='word_1_583' title='bbox 356 4828 415 4954; x_wconf 72' lang='lat'><strong>14¹.¹&#39;</strong></span> <span class='ocrx_word' id='word_1_584' title='bbox 437 4829 681 4968; x_wconf 48' lang='lat' dir='ltr'><strong>131)‚gar.26arap.</strong></span> <span class='ocrx_word' id='word_1_585' title='bbox 708 4830 826 4960; x_wconf 70' lang='lat' dir='ltr'><strong>I&#39;v3&#39;1⁷e&#39;.</strong></span> <span class='ocrx_word' id='word_1_586' title='bbox 872 4829 1008 4966; x_wconf 49' lang='lat' dir='ltr'><strong>1839&#39;v3171&#39;,</strong></span> <span class='ocrx_word' id='word_1_587' title='bbox 1031 4899 1066 4953; x_wconf 83' lang='lat' dir='ltr'><strong>er</strong></span> <span class='ocrx_word' id='word_1_588' title='bbox 1086 4830 1138 4959; x_wconf 51' lang='grc' dir='ltr'><strong>ξδ’</strong></span> <span class='ocrx_word' id='word_1_589' title='bbox 1157 4828 1202 4970; x_wconf 66' lang='lat' dir='ltr'><strong>ie)</strong></span> <span class='ocrx_word' id='word_1_590' title='bbox 1220 4825 1439 4970; x_wconf 53' lang='grc' dir='ltr'><strong>Ροῖἓίρθὲοιᾞῖ</strong></span> <span class='ocrx_word' id='word_1_591' title='bbox 1462 4823 1783 4968; x_wconf 52' lang='lat' dir='ltr'><strong>iliaruffiriff&#39;ail</strong></span> <span class='ocrx_word' id='word_1_592' title='bbox 1811 4823 1878 4964; x_wconf 64' lang='lat' dir='ltr'><strong>Veri</strong></span> <span class='ocrx_word' id='word_1_593' title='bbox 1896 4867 1984 4953; x_wconf 68' lang='lat' dir='ltr'><strong>nial</strong></span> 
     </span>
    </p>
   </div>
   <div class='ocr_carea' id='block_1_4' title="bbox 181 4901 1000 5043">
    <p class='ocr_par' dir='ltr' id='par_1_7' title="bbox 181 4901 1000 5043">
     <span class='ocr_line' id='line_1_49' title="bbox 181 4901 1000 5043; baseline 0.001 -15"><span class='ocrx_word' id='word_1_594' title='bbox 181 4969 263 5036; x_wconf 78' lang='lat' dir='ltr'><strong>xiv,</strong></span> <span class='ocrx_word' id='word_1_595' title='bbox 283 4971 324 5030; x_wconf 82' lang='lat' dir='ltr'><strong>ra.</strong></span> <span class='ocrx_word' id='word_1_596' title='bbox 352 4971 398 5042; x_wconf 82' lang='lat' dir='ltr'><strong>aa)</strong></span> <span class='ocrx_word' id='word_1_597' title='bbox 415 4901 730 5043; x_wconf 65' lang='lat' dir='ltr'><strong>aaa.x1v,u⁷1&#39;u¹</strong></span> <span class='ocrx_word' id='word_1_598' title='bbox 745 4947 787 5030; x_wconf 82' lang='lat' dir='ltr'><strong>a&#39;e.</strong></span> <span class='ocrx_word' id='word_1_599' title='bbox 811 4974 836 5032; x_wconf 82' lang='lat' dir='ltr'><strong>n.</strong></span> <span class='ocrx_word' id='word_1_600' title='bbox 854 4970 939 5038; x_wconf 76' lang='lat' dir='ltr'><strong>xiv,</strong></span> <span class='ocrx_word' id='word_1_601' title='bbox 959 4971 1000 5029; x_wconf 82' lang='lat' dir='ltr'><strong>re.</strong></span> 
     </span>
    </p>
   </div>
   <div class='ocr_carea' id='block_1_5' title="bbox 1008 5182 1151 5242">
    <p class='ocr_par' dir='ltr' id='par_1_8' title="bbox 1008 5182 1151 5242">
     <span class='ocr_line' id='line_1_50' title="bbox 1008 5182 1151 5242; baseline 0 -14"><span class='ocrx_word' id='word_1_602' title='bbox 1008 5182 1151 5242; x_wconf 70' lang='grc'>..46-</span> 
     </span>
    </p>
   </div>
   <div class='ocr_carea' id='block_1_6' title="bbox 0 0 2176 5746">
    <p class='ocr_par' dir='ltr' id='par_1_9' title="bbox 0 0 2176 5746">
     <span class='ocr_line' id='line_1_51' title="bbox 0 0 2176 5746; baseline 0 3"><span class='ocrx_word' id='word_1_603' title='bbox 0 0 2176 5746; x_wconf 95' lang='lat' dir='ltr'><strong> </strong></span> 
     </span>
    </p>
   </div>
  </div>
 </body>
</html>
