4344 5746
1816 1654 1942 1726 „Omnis
1960 1654 2108 1715 Graeca.“

1878 1747 1929 1789 Juv.
1944 1744 1979 1798 Vl,
1994 1748 2045 1790 187.

555 1968 619 2035 uod
640 1972 751 2037 noster
773 1968 829 2036 ille
852 1960 1068 2058 Gregorovius
1091 1970 1185 2052 dixit,
1207 1969 1327 2037 Romae
1349 1968 1424 2036 urbi
1446 1989 1517 2036 eam
1533 1973 1682 2035 naturam
1702 1969 1811 2050 fulsse,
1834 1989 1917 2054 quac
1940 1971 1973 2033 ri
1996 1958 2141 2053 quadam

338 2057 516 2125 inevitabili
539 2059 581 2124 ad
612 2059 756 2127 medium
789 2066 915 2145 raperet
948 2066 979 2126 et
1012 2065 1213 2126 converteret
1244 2059 1427 2146 extrema,¹)
1461 2079 1528 2125 non
1561 2058 1655 2124 modo
1677 2060 1724 2124 ite
1746 2057 2000 2142 intellegendum
2020 2064 2081 2140 est,
2106 2064 2141 2122 ut

336 2149 481 2233 legiones
507 2149 645 2214 invictas
673 2167 715 2215 er
743 2149 803 2214 hac
832 2147 913 2214 urbe
939 2149 1098 2235 protectas
1127 2149 1236 2215 orbam
1266 2155 1426 2215 terrarum
1449 2167 1527 2214 suae
1550 2148 1681 2214 ditionis
1703 2148 1817 2214 facisse
1840 2146 1987 2232 finesque
2010 2148 2140 2232 imperii

336 2236 472 2302 Romani
488 2236 530 2302 ad
546 2238 678 2304 ultimas
694 2257 766 2303 oras
784 2238 957 2324 protulisse
973 2237 1142 2317 dicat,⁴sed
1158 2240 1284 2323 propris
1300 2239 1420 2304 dictum
1438 2237 1478 2303 ad
1493 2238 1692 2303 incrementa
1708 2236 1847 2323 quodam
1864 2235 1959 2302 modo
1974 2241 2007 2302 at
2026 2234 2140 2320 ampli-

336 2326 482 2393 tudinem
508 2325 598 2392 urbis
620 2327 723 2411 ipsius
743 2325 887 2394 adhiberi
908 2346 1003 2413 posse
1026 2326 1164 2395 videtur.
1218 2326 1301 2393 Nam
1323 2326 1492 2412 republica
1516 2326 1663 2392 Romana
1696 2328 1869 2393 constituta
1901 2330 1999 2409 atque
2023 2323 2139 2389 contir-

337 2419 425 2498 mata
446 2417 586 2501 primum
611 2434 654 2481 ex
669 2414 767 2481 Italia
789 2421 859 2481 tum
883 2436 925 2481 ex
940 2418 1116 2501 provinciis
1139 2415 1264 2481 infinita
1287 2416 1462 2482 multitudo
1485 2417 1640 2482 continuo
1664 2417 1791 2499 agmine
1814 2417 1847 2479 iu
1869 2413 1981 2479 urbem
2001 2412 2137 2478 Romam

337 2505 507 2570 confluxit.
554 2503 649 2582 Quod
678 2505 800 2589 ubique
827 2505 996 2571 hominum
1017 2512 1128 2592 genus'
1146 2506 1381 2591 inveniebatur,
1413 2507 1448 2570 in
1482 2506 1543 2570 hoc
1577 2505 1665 2570 orbis
1699 2509 1857 2569 terrarum
1884 2501 2137 2568 conciliabulum

337 2591 524 2678 convente),
544 2596 658 2659 utiam
677 2592 787 2660 Gicaro
805 2591 940 2661 Romam
964 2596 1126 2661 civitatem
1142 2615 1183 2661 ex
1199 2595 1366 2660 nationum
1388 2600 1549 2661 conventu
1569 2594 1776 2659 consiliatam
1799 2588 1963 2677 dIcerct,³),
1980 2589 2139 2678 Martialis

340 2703 415 2749 vero
439 2703 499 2749 suo
521 2682 593 2748 iure
610 2679 847 2771 exclamaret24)
869 2681 1029 2767 Quantus,
1051 2685 1092 2770 io,
1115 2690 1294 2751 conventus
1317 2685 1446 2750 mundil

326 2845 329 2850 ,
498 2770 561 2837 Sed
584 2790 627 2836 ax
648 2772 800 2837 omnibus
823 2776 969 2839 omnium
997 2779 1178 2858 temporum
1208 2774 1338 2859 popufis
1369 2773 1480 2838 nullus
1510 2776 1661 2839 maiorem
1695 2790 1867 2836 numerum
1899 2768 2070 2834 bominum
2101 2788 2138 2834 eo

334 2862 423 2928 misit
446 2881 545 2947 quam
568 2860 723 2928 Graecus.
769 2859 860 2938 Quas
883 2865 970 2927 natio
995 2882 1094 2946 quam
1117 2864 1195 2928 ortis
1218 2862 1380 2929 societatis
1404 2861 1542 2927 vinculIs
1572 2881 1648 2927 cum
1675 2859 1795 2946 populo
1817 2859 1962 2924 Romano
1990 2878 2035 2924 er
2059 2859 2137 2923 anti·

338 2950 505 3036 quissimis
528 2949 727 3035 temporibus
749 2951 923 3016 coniuncto
944 2951 1053 3035 tuerit,
1075 2951 1237 3037 explicare
1260 2951 1300 3016 ab
1323 2970 1372 3034 eo,
1396 2950 1483 3036 quod
1497 2953 1698 3036 propositum
1721 2954 1780 3033 est,
1803 2947 1973 3014 abhorrere
1997 2947 2138 3014 videtur.

336 3040 421 3105 Satis
444 3039 505 3105 erit
540 3058 790 3106 commemorare
824 3039 940 3126 oppida
962 3037 1092 3124 Graeca,
1128 3060 1210 3125 quae
1242 3041 1277 3105 in
1312 3059 1350 3106 eu
1383 3045 1472 3124 parte
1494 3038 1606 3105 ltaliae
1637 3040 1699 3113 sita
1732 3042 1831 3120 erant,
1866 3057 1963 3122 quam
1986 3035 2137 3122 ldagnam

338 3129 506 3194 Graeciam
529 3126 742 3214 appellabant.
787 3127 902 3214 Neque
924 3131 1035 3196 minus
1057 3133 1171 3195 notum
1195 3133 1251 3213 est,
1276 3134 1472 3214 quantopere
1495 3128 1604 3193 studia
1631 3130 1808 3192 litterarum
1832 3123 2029 3191 Graecarum
2055 3126 2138 3210 apud

336 3217 500 3284 Romanos
542 3237 584 3283 en
624 3223 767 3303 tempore
805 3216 882 3282 belli
920 3217 1039 3284 Punici
1079 3218 1213 3284 secundi
1251 3224 1345 3284 aucta
1383 3220 1457 3286 siut
1512 3216 1594 3282 Gum
1629 3236 1705 3283 vero
1738 3215 1882 3300 legiones
1905 3213 2072 3281 Romanae
2105 3215 2137 3278 in

338 3307 503 3373 Graeciam
537 3311 569 3372 et
592 3306 703 3372 Asiam
737 3309 944 3374 transmissae
978 3309 1036 3374 has
1065 3327 1196 3393 quoque
1218 3313 1317 3374 terras
1341 3307 1402 3374 sub
1424 3311 1614 3393 potestatem
1636 3305 1748 3391 populi
1770 3303 1908 3370 Romani
1930 3303 2141 3387 redegissent,

337 3395 489 3482 „Graecia
512 3400 605 3481 capta
626 3395 732 3462 terum
755 3397 908 3461 rictorem
931 3398 1015 3482 cepit
1037 3401 1069 3460 et
1091 3403 1174 3463 artes
1196 3398 1307 3463 intulit
1328 3399 1364 3462 in
1386 3395 1544 3463 Latium.“
1792 3438 1795 3445 ·

499 3483 641 3553 Saeculis
675 3485 921 3569 insequentibus
956 3487 1102 3551 omnium
1137 3488 1298 3552 rationum
1334 3504 1415 3551 usus
1450 3490 1548 3570 atque
1580 3482 1785 3551 necessitudo
1819 3484 1905 3549 inter
1936 3481 2078 3548 Graecos
2110 3486 2141 3548 et

338 3572 502 3640 Romanos
526 3572 712 3660 augebatur,
736 3578 772 3639 ut
795 3594 861 3639 non
883 3574 978 3639 modo
1013 3594 1127 3640 omnes
1160 3574 1226 3641 fere
1260 3576 1431 3660 scriptores
1452 3573 1592 3640 Romani
1622 3575 1798 3639 imitatores
1831 3573 2013 3637 litterarum
2043 3571 2142 3636 Grae·

339 3684 453 3730 carum
477 3663 540 3728 dici
562 3664 697 3749 possint,
719 3662 776 3729 sed
799 3665 833 3728 in
859 3663 1027 3729 universae
1050 3665 1135 3730 vltae
1157 3665 1249 3730 cultu
1283 3669 1315 3729 et
1347 3665 1501 3730 institutis
1536 3663 1585 3728 vis
1619 3668 1714 3746 atque
1746 3663 1919 3727 auctoritas
1942 3660 2140 3725 Graecorum

339 3756 499 3838 appareat
546 3751 669 3818 Eadem
691 3754 789 3834 natio,
824 3772 906 3838 quae
940 3752 1113 3838 aliquando
1148 3755 1181 3818 iu
1218 3754 1349 3818 orientis
1384 3755 1461 3818 solis
1478 3756 1596 3828 ,terras
1630 3757 1719 3817 trans
1741 3750 1936 3834 Euphratem
1971 3768 2142 3834 progressa

340 3843 465 3908 cultum
499 3845 595 3926 atque
631 3841 862 3907 humanitatem
900 3861 1009 3908 secum
1042 3838 1203 3922 intulerat,
1235 3844 1371 3928 vestigia
1393 3842 1552 3906 victorum
1584 3845 1695 3906 secuta
1726 3858 1824 3904 suum
1855 3839 2036 3924 ingenium,
2066 3857 2142 3903 suas

343 3933 474 4014 litteras,
502 3949 577 3995 suas
600 3936 685 3995 artes
709 3931 802 4012 qnasi
825 3930 947 3994 vindex
977 3928 1135 3997 libertatis
1170 3933 1306 3996 amissae
1340 3933 1372 3995 in
1407 3931 1541 4015 patriam
1577 3929 1717 3994 hostium
1750 3927 1981 3992 introduxerat
2028 3926 2142 4011 Itaque

341 4017 462 4085 factum
486 4025 543 4103 est,
567 4025 603 4085 ut
625 4019 798 4084 Caesarum
823 4018 1024 4103 temporibus
1040 4018 1204 4086 luvenalis
1219 4020 1353 4086 Romam
1376 4019 1489 4085 urbem
1509 4017 1664 4102 Graecam
1690 4017 1871 4102 appellaret,
1894 4035 1993 4103 quam
2019 4016 2141 4080 diutius

342 4110 425 4175 terre
449 4129 514 4173 non
539 4113 654 4194 posset,
684 4128 759 4173 cum
783 4114 813 4172 et
836 4109 910 4174 faex
934 4110 1138 4174 Achaeorum
1162 4115 1194 4174 et
1216 4110 1318 4193 Syrus
1342 4108 1478 4175 Orontes
1509 4110 1573 4173 lam
1608 4106 1731 4192 pridem
1765 4107 1800 4170 in
1823 4105 1963 4171 Tiberim
1987 4104 2142 4169 defluxis-

342 4196 452 4286 sente)
492 4197 642 4282 Singulas
666 4198 789 4262 insulas
812 4205 843 4262 et
866 4199 981 4284 oppida
997 4199 1118 4264 Graeca
1142 4205 1308 4264 enumerat
1330 4201 1534 4282 maximeque
1558 4216 1620 4280 eas,
1648 4214 1785 4282 quarum
1809 4196 1984 4259 amoenitas
2007 4199 2041 4258 et
2063 4199 2141 4259 tem·

343 4290 448 4375 peries
472 4288 691 4353 dissolutiores
715 4285 840 4352 efficere
863 4290 949 4353 viros
973 4286 1154 4353 dicebatur:
1189 4287 1338 4372 Sicyona,
1366 4287 1545 4372 Amydone,
1579 4285 1733 4370 oppidum
1756 4284 1907 4368 Achaiae,
1938 4281 2089 4348 Andrum
2112 4287 2142 4347 et

501 4555 526 4635 1)
547 4549 756 4623 GregorovIns‚
776 4546 956 4606 Goschichte
975 4547 1028 4605 der
1045 4548 1132 4606 Stadt
1150 4551 1227 4608 Rom
1247 4551 1289 4607 im
1306 4550 1484 4608 Mittelaltor
1502 4550 1525 4619 I,
1544 4552 1570 4610 8.
1610 4549 1676 4606 Hoc
1700 4550 1761 4606 iam
1784 4548 1849 4605 loco
1874 4547 2061 4616 enumerabo,
2103 4543 2142 4603 ui·

345 4624 400 4680 bns
419 4623 607 4696 potissimum
621 4621 706 4678 libris
719 4622 786 4676 ino
808 4621 911 4676 usculo
924 4619 1079 4677 scribendo
1098 4639 1169 4679 usus
1189 4623 1258 4678 sim:
1277 4622 1480 4691 Friadlhnder‚
1492 4620 1788 4694 Durstellungenaus
1807 4620 1858 4677 dar
1872 4619 2094 4692 Sittengeschic
2116 4624 2144 4673 te

345 4697 445 4755 Rome.
465 4726 499 4735 -
518 4693 693 4766 Hertzberg,
716 4693 792 4748 Gesc
817 4691 894 4749 'cbte
919 4691 1150 4749 Griechenlands
1168 4700 1256 4750 untcr
1279 4692 1331 4749 dar
1349 4692 1523 4749 Herrschaft
1547 4691 1599 4748 dar
1616 4692 1733 4749 Rbmer.
1753 4723 1788 4735 -
1811 4691 1949 4759 BoiseIar,
1980 4689 2085 4746 etudes
2110 4688 2143 4744 da

345 4784 462 4823 moeurs
480 4765 630 4823 romainee
643 4782 712 4822 sous
725 4763 863 4838 l’empiro.
900 4762 1326 4822 Ravued.d.mondcs18'10.
1348 4762 1909 4832 -Pchlmannnieuebervolrerun
1950 4760 2002 4816 der
2022 4761 2145 4817 antikon

346 4838 546 4897 Groesstttdte.
565 4869 599 4879 -
617 4834 925 4907 Becher-Marquardt‚
946 4834 1091 4892 rbmische
1109 4837 1299 4893 Altertttmer.
1312 4836 1521 4902 -Drumanm
1541 4833 1720 4893 Geschichte
1739 4832 1792 4890 der
1804 4832 1892 4889 Stadt
1950 4849 1988 4890 m.
2025 4830 2145 4905 amon

345 4910 414 4983 epit.
434 4929 461 4984 p.
480 4911 522 4966 41.
541 4909 631 4969 Jahn.
667 4908 693 4980 3)
712 4906 748 4964 de
766 4915 826 4980 pet.
845 4925 923 4964 cons.
945 4910 986 4980 14,
1006 4907 1049 4964 bt.
1086 4908 1114 4977 4)
1132 4907 1214 4980 VIII,
1231 4909 1274 4966 41.
1310 4908 1338 4980 b)
1356 4907 1410 4976 111,
1430 4909 1472 4966 60.

1175 5179 1315 5236 ..42-
